<?xml version="1.0" encoding="UTF-8"?>
<!DOCTYPE html PUBLIC "-//W3C//DTD XHTML 1.0 Transitional//EN"
    "http://www.w3.org/TR/xhtml1/DTD/xhtml1-transitional.dtd">
<html xmlns="http://www.w3.org/1999/xhtml" xml:lang="en" lang="en">
 <head>
  <title>
</title>
<meta http-equiv="Content-Type" content="text/html;charset=utf-8" />
  <meta name='ocr-system' content='tesseract 3.04.00' />
  <meta name='ocr-capabilities' content='ocr_page ocr_carea ocr_par ocr_line ocrx_word'/>
</head>
<body>
  <div class='ocr_page' id='page_1' title='image "./lambertimonachi00hersgoog_0027.png"; bbox 0 0 2842 5026; ppageno 0'>
   <div class='ocr_carea' id='block_1_1' title="bbox 498 422 1236 482">
    <p class='ocr_par' dir='ltr' id='par_1_1' title="bbox 498 422 1236 482">
     <span class='ocr_line' id='line_1_1' title="bbox 498 422 1236 482; baseline 0.001 -4"><span class='ocrx_word' id='word_1_1' title='bbox 498 422 719 478; x_wconf 81' lang='lat' dir='ltr'><strong>PRAEFATIO</strong></span> <span class='ocrx_word' id='word_1_2' title='bbox 739 423 768 478; x_wconf 84' lang='lat'><em>0.</em></span> <span class='ocrx_word' id='word_1_3' title='bbox 788 424 812 482; x_wconf 93' lang='grc' dir='ltr'><em>Ι.</em></span> <span class='ocrx_word' id='word_1_4' title='bbox 1148 424 1236 479; x_wconf 84' lang='lat' dir='ltr'><strong>XVII</strong></span> 
     </span>
    </p>
   </div>
   <div class='ocr_carea' id='block_1_2' title="bbox 71 604 1235 2895">
    <p class='ocr_par' dir='ltr' id='par_1_2' title="bbox 71 604 1235 2895">
     <span class='ocr_line' id='line_1_2' title="bbox 103 604 1234 688; baseline 0.001 -19"><span class='ocrx_word' id='word_1_5' title='bbox 103 612 199 688; x_wconf 85' lang='lat' dir='ltr'><em>perta</em></span> <span class='ocrx_word' id='word_1_6' title='bbox 214 608 375 687; x_wconf 68' lang='lat' dir='ltr'><em>assumam</em></span> <span class='ocrx_word' id='word_1_7' title='bbox 390 604 587 685; x_wconf 78' lang='lat' dir='ltr'><em>familiarem</em></span> <span class='ocrx_word' id='word_1_8' title='bbox 602 605 702 684; x_wconf 81' lang='lat' dir='ltr'><em>fuisse</em></span> <span class='ocrx_word' id='word_1_9' title='bbox 717 611 745 669; x_wconf 92' lang='lat' dir='ltr'><em>et</em></span> <span class='ocrx_word' id='word_1_10' title='bbox 760 605 888 685; x_wconf 80' lang='lat' dir='ltr'><em>fauisse.</em></span> <span class='ocrx_word' id='word_1_11' title='bbox 915 607 1031 670; x_wconf 88' lang='lat' dir='ltr'><em>Nonne</em></span> <span class='ocrx_word' id='word_1_12' title='bbox 1047 606 1146 687; x_wconf 72' lang='lat' dir='ltr'><em>icitur</em></span> <span class='ocrx_word' id='word_1_13' title='bbox 1160 605 1234 686; x_wconf 75' lang='lat' dir='ltr'><em>fieri</em></span> 
     </span>
     <span class='ocr_line' id='line_1_3' title="bbox 102 694 1233 777; baseline 0.001 -20"><span class='ocrx_word' id='word_1_14' title='bbox 102 695 275 777; x_wconf 84' lang='lat' dir='ltr'><em>potuisset,</em></span> <span class='ocrx_word' id='word_1_15' title='bbox 306 699 340 758; x_wconf 87' lang='lat' dir='ltr'><em>ut</em></span> <span class='ocrx_word' id='word_1_16' title='bbox 370 694 421 758; x_wconf 89' lang='lat' dir='ltr'><em>hic</em></span> <span class='ocrx_word' id='word_1_17' title='bbox 448 700 522 758; x_wconf 78' lang='lat' dir='ltr'><em>tciri-c</em></span> <span class='ocrx_word' id='word_1_18' title='bbox 545 695 751 775; x_wconf 89' lang='lat' dir='ltr'><em>Lampertum</em></span> <span class='ocrx_word' id='word_1_19' title='bbox 773 695 915 758; x_wconf 80' lang='lat' dir='ltr'><strong><em>abbatem</em></strong></span> <span class='ocrx_word' id='word_1_20' title='bbox 938 694 1090 758; x_wconf 85' lang='lat' dir='ltr'><em>ordinare</em></span> <span class='ocrx_word' id='word_1_21' title='bbox 1114 695 1233 758; x_wconf 82' lang='lat' dir='ltr'><em>uoolire·</em></span> 
     </span>
     <span class='ocr_line' id='line_1_4' title="bbox 108 782 1235 863; baseline 0 -17"><span class='ocrx_word' id='word_1_22' title='bbox 108 790 173 863; x_wconf 81' lang='lat' dir='ltr'><em>tur,</em></span> <span class='ocrx_word' id='word_1_23' title='bbox 199 786 333 855; x_wconf 55' lang='lat' dir='ltr'><em>misem,</em></span> <span class='ocrx_word' id='word_1_24' title='bbox 358 804 428 847; x_wconf 78' lang='lat' dir='ltr'><em>cunc</em></span> <span class='ocrx_word' id='word_1_25' title='bbox 450 803 507 846; x_wconf 82' lang='lat' dir='ltr'><em>ren</em></span> <span class='ocrx_word' id='word_1_26' title='bbox 530 783 586 847; x_wconf 87' lang='lat' dir='ltr'><em>hoc</em></span> <span class='ocrx_word' id='word_1_27' title='bbox 609 784 773 847; x_wconf 82' lang='lat' dir='ltr'><em>concedere</em></span> <span class='ocrx_word' id='word_1_28' title='bbox 796 783 955 863; x_wconf 75' lang='lat' dir='ltr'><em>noluisset,</em></span> <span class='ocrx_word' id='word_1_29' title='bbox 980 782 1175 863; x_wconf 82' lang='lat' dir='ltr'><em>consentiret,</em></span> <span class='ocrx_word' id='word_1_30' title='bbox 1199 788 1235 846; x_wconf 92' lang='lat' dir='ltr'><em>ut</em></span> 
     </span>
     <span class='ocr_line' id='line_1_5' title="bbox 110 870 1235 951; baseline -0.001 -16"><span class='ocrx_word' id='word_1_31' title='bbox 110 871 303 936; x_wconf 82' lang='lat' dir='ltr'><em>Rulhardus</em></span> <span class='ocrx_word' id='word_1_32' title='bbox 325 871 423 936; x_wconf 88' lang='lat' dir='ltr'><em>abbas</em></span> <span class='ocrx_word' id='word_1_33' title='bbox 438 870 700 935; x_wconf 78' lang='lat' dir='ltr'><em>constitueretur?</em></span> <span class='ocrx_word' id='word_1_34' title='bbox 740 872 817 934; x_wconf 90' lang='lat' dir='ltr'><em>Non</em></span> <span class='ocrx_word' id='word_1_35' title='bbox 832 870 936 935; x_wconf 85' lang='lat' dir='ltr'><em>dicam</em></span> <span class='ocrx_word' id='word_1_36' title='bbox 959 871 1005 934; x_wconf 91' lang='lat' dir='ltr'><em>ita</em></span> <span class='ocrx_word' id='word_1_37' title='bbox 1028 892 1094 934; x_wconf 91' lang='lat' dir='ltr'><em>rem</em></span> <span class='ocrx_word' id='word_1_38' title='bbox 1115 876 1235 951; x_wconf 83' lang='lat' dir='ltr'><em>postam</em></span> 
     </span>
     <span class='ocr_line' id='line_1_6' title="bbox 84 958 1234 1041; baseline 0.001 -20"><span class='ocrx_word' id='word_1_39' title='bbox 84 982 186 1040; x_wconf 77' lang='lat' dir='ltr'><em>sesse,</em></span> <span class='ocrx_word' id='word_1_40' title='bbox 211 961 296 1041; x_wconf 77' lang='lat' dir='ltr'><em>occod</em></span> <span class='ocrx_word' id='word_1_41' title='bbox 310 958 407 1023; x_wconf 89' lang='lat' dir='ltr'><em>nimis</em></span> <span class='ocrx_word' id='word_1_42' title='bbox 422 966 533 1023; x_wconf 74' lang='lat' dir='ltr'><em>tenere</em></span> <span class='ocrx_word' id='word_1_43' title='bbox 549 959 714 1024; x_wconf 75' lang='lat' dir='ltr'><em>diceretur.</em></span> <span class='ocrx_word' id='word_1_44' title='bbox 755 959 819 1024; x_wconf 82' lang='lat' dir='ltr'><em>Sed</em></span> <span class='ocrx_word' id='word_1_45' title='bbox 839 980 948 1023; x_wconf 79' lang='lat' dir='ltr'><em>rmneo</em></span> <span class='ocrx_word' id='word_1_46' title='bbox 970 959 1037 1022; x_wconf 86' lang='lat' dir='ltr'><em>iarn</em></span> <span class='ocrx_word' id='word_1_47' title='bbox 1055 958 1234 1040; x_wconf 81' lang='lat' dir='ltr'><em>quindecim</em></span> 
     </span>
     <span class='ocr_line' id='line_1_7' title="bbox 108 1047 1232 1129; baseline 0 -18"><span class='ocrx_word' id='word_1_48' title='bbox 108 1048 222 1112; x_wconf 81' lang='lat' dir='ltr'><em>dielucs</em></span> <span class='ocrx_word' id='word_1_49' title='bbox 238 1055 313 1129; x_wconf 89' lang='lat' dir='ltr'><em>post</em></span> <span class='ocrx_word' id='word_1_50' title='bbox 328 1048 532 1112; x_wconf 68' lang='lat' dir='ltr'><em>liuthardum</em></span> <span class='ocrx_word' id='word_1_51' title='bbox 555 1049 697 1112; x_wconf 85' lang='lat' dir='ltr'><em>abbatem</em></span> <span class='ocrx_word' id='word_1_52' title='bbox 719 1047 919 1112; x_wconf 73' lang='lat' dir='ltr'><em>coustitutum</em></span> <span class='ocrx_word' id='word_1_53' title='bbox 934 1047 1106 1111; x_wconf 84' lang='lat' dir='ltr'><em>Annonem</em></span> <span class='ocrx_word' id='word_1_54' title='bbox 1128 1049 1232 1113; x_wconf 84' lang='lat' dir='ltr'><em>offen·</em></span> 
     </span>
     <span class='ocr_line' id='line_1_8' title="bbox 108 1136 1233 1220; baseline -0.002 -19"><span class='ocrx_word' id='word_1_55' title='bbox 108 1159 188 1201; x_wconf 85' lang='lat' dir='ltr'><em>sum</em></span> <span class='ocrx_word' id='word_1_56' title='bbox 213 1139 267 1201; x_wconf 83' lang='lat' dir='ltr'><em>his</em></span> <span class='ocrx_word' id='word_1_57' title='bbox 292 1158 379 1219; x_wconf 83' lang='lat' dir='ltr'><em>quae</em></span> <span class='ocrx_word' id='word_1_58' title='bbox 403 1136 552 1220; x_wconf 83' lang='lat' dir='ltr'><em>plurima</em></span> <span class='ocrx_word' id='word_1_59' title='bbox 575 1141 712 1219; x_wconf 81' lang='lat' dir='ltr'><em>praeter</em></span> <span class='ocrx_word' id='word_1_60' title='bbox 734 1157 881 1218; x_wconf 83' lang='lat' dir='ltr'><em>aequum</em></span> <span class='ocrx_word' id='word_1_61' title='bbox 906 1140 942 1201; x_wconf 76' lang='lat' dir='ltr'><em>ab</em></span> <span class='ocrx_word' id='word_1_62' title='bbox 959 1137 1086 1200; x_wconf 88' lang='lat' dir='ltr'><em>bonum</em></span> <span class='ocrx_word' id='word_1_63' title='bbox 1104 1137 1233 1201; x_wconf 79' lang='lat' dir='ltr'><em>fiebant</em></span> 
     </span>
     <span class='ocr_line' id='line_1_9' title="bbox 108 1223 1235 1311; baseline -0.002 -22"><span class='ocrx_word' id='word_1_64' title='bbox 108 1227 147 1289; x_wconf 89' lang='lat' dir='ltr'><em>in</em></span> <span class='ocrx_word' id='word_1_65' title='bbox 173 1226 317 1311; x_wconf 73' lang='lat' dir='ltr'><em>palacia,</em></span> <span class='ocrx_word' id='word_1_66' title='bbox 348 1231 383 1288; x_wconf 86' lang='lat' dir='ltr'><em>ut</em></span> <span class='ocrx_word' id='word_1_67' title='bbox 405 1224 452 1287; x_wconf 87' lang='lat' dir='ltr'><em>ait</em></span> <span class='ocrx_word' id='word_1_68' title='bbox 475 1225 666 1304; x_wconf 88' lang='lat' dir='ltr'><em>Lampertus</em></span> <span class='ocrx_word' id='word_1_69' title='bbox 688 1223 781 1303; x_wconf 81' lang='lat' dir='ltr'><em>infra</em></span> <span class='ocrx_word' id='word_1_70' title='bbox 797 1246 833 1305; x_wconf 89' lang='lat' dir='ltr'><em>p.</em></span> <span class='ocrx_word' id='word_1_71' title='bbox 857 1228 928 1303; x_wconf 86' lang='lat'><em>140,</em></span> <span class='ocrx_word' id='word_1_72' title='bbox 953 1223 1076 1288; x_wconf 73' lang='lat' dir='ltr'><em>cremam</em></span> <span class='ocrx_word' id='word_1_73' title='bbox 1099 1223 1183 1305; x_wconf 77' lang='lat' dir='ltr'><em>repis</em></span> <span class='ocrx_word' id='word_1_74' title='bbox 1205 1229 1235 1287; x_wconf 93' lang='lat' dir='ltr'><em>et</em></span> 
     </span>
     <span class='ocr_line' id='line_1_10' title="bbox 108 1310 1233 1395; baseline -0.002 -19"><span class='ocrx_word' id='word_1_75' title='bbox 108 1314 238 1395; x_wconf 73' lang='lat' dir='ltr'><em>repotia</em></span> <span class='ocrx_word' id='word_1_76' title='bbox 261 1312 394 1395; x_wconf 68' lang='lat' dir='ltr'><em>polilica</em></span> <span class='ocrx_word' id='word_1_77' title='bbox 416 1311 677 1376; x_wconf 87' lang='lat' dir='ltr'><em>administranda</em></span> <span class='ocrx_word' id='word_1_78' title='bbox 699 1310 876 1392; x_wconf 76' lang='lat' dir='ltr'><em>reliquisse,</em></span> <span class='ocrx_word' id='word_1_79' title='bbox 908 1311 1153 1376; x_wconf 87' lang='lat' dir='ltr'><em>controuersiam</em></span> <span class='ocrx_word' id='word_1_80' title='bbox 1176 1310 1233 1392; x_wconf 78' lang='lat' dir='ltr'><em>ipi-</em></span> 
     </span>
     <span class='ocr_line' id='line_1_11' title="bbox 71 1399 1232 1483; baseline -0.002 -19"><span class='ocrx_word' id='word_1_81' title='bbox 71 1408 165 1465; x_wconf 74' lang='lat' dir='ltr'><em>atur</em></span> <span class='ocrx_word' id='word_1_82' title='bbox 180 1404 343 1483; x_wconf 74' lang='lat' dir='ltr'><em>pecandum</em></span> <span class='ocrx_word' id='word_1_83' title='bbox 361 1408 435 1466; x_wconf 77' lang='lat' dir='ltr'><em>trine</em></span> <span class='ocrx_word' id='word_1_84' title='bbox 457 1400 541 1464; x_wconf 82' lang='lat' dir='ltr'><em>inter</em></span> <span class='ocrx_word' id='word_1_85' title='bbox 564 1421 667 1482; x_wconf 76' lang='lat' dir='ltr'><em>repam</em></span> <span class='ocrx_word' id='word_1_86' title='bbox 690 1406 718 1465; x_wconf 90' lang='lat' dir='ltr'><em>et</em></span> <span class='ocrx_word' id='word_1_87' title='bbox 740 1399 1010 1481; x_wconf 63' lang='lat' dir='ltr'><em>archiepiscorum</em></span> <span class='ocrx_word' id='word_1_88' title='bbox 1032 1406 1134 1464; x_wconf 87' lang='lat' dir='ltr'><em>ortam</em></span> <span class='ocrx_word' id='word_1_89' title='bbox 1157 1420 1232 1464; x_wconf 88' lang='lat' dir='ltr'><em>esse.</em></span> 
     </span>
     <span class='ocr_line' id='line_1_12' title="bbox 109 1488 1233 1569; baseline -0.003 -15"><span class='ocrx_word' id='word_1_90' title='bbox 109 1490 217 1554; x_wconf 85' lang='lat' dir='ltr'><em>Porro</em></span> <span class='ocrx_word' id='word_1_91' title='bbox 242 1490 307 1554; x_wconf 89' lang='lat' dir='ltr'><em>iam</em></span> <span class='ocrx_word' id='word_1_92' title='bbox 328 1488 425 1568; x_wconf 77' lang='lat' dir='ltr'><em>focile</em></span> <span class='ocrx_word' id='word_1_93' title='bbox 447 1494 525 1553; x_wconf 86' lang='lat' dir='ltr'><em>esset</em></span> <span class='ocrx_word' id='word_1_94' title='bbox 548 1488 712 1568; x_wconf 84' lang='lat' dir='ltr'><em>intellectu,</em></span> <span class='ocrx_word' id='word_1_95' title='bbox 735 1488 765 1552; x_wconf 86' lang='lat' dir='ltr'><em>si</em></span> <span class='ocrx_word' id='word_1_96' title='bbox 787 1510 838 1552; x_wconf 89' lang='lat' dir='ltr'><em>res</em></span> <span class='ocrx_word' id='word_1_97' title='bbox 860 1488 908 1552; x_wconf 93' lang='lat' dir='ltr'><em>ita</em></span> <span class='ocrx_word' id='word_1_98' title='bbox 929 1494 1017 1569; x_wconf 80' lang='lat' dir='ltr'><em>posta</em></span> <span class='ocrx_word' id='word_1_99' title='bbox 1040 1494 1125 1567; x_wconf 86' lang='lat' dir='ltr'><em>esset,</em></span> <span class='ocrx_word' id='word_1_100' title='bbox 1149 1489 1233 1552; x_wconf 88' lang='lat' dir='ltr'><em>unde</em></span> 
     </span>
     <span class='ocr_line' id='line_1_13' title="bbox 109 1576 1235 1659; baseline -0.001 -18"><span class='ocrx_word' id='word_1_101' title='bbox 109 1579 304 1659; x_wconf 68' lang='lat' dir='ltr'><em>Lacnpertus</em></span> <span class='ocrx_word' id='word_1_102' title='bbox 333 1577 570 1643; x_wconf 80' lang='lat' dir='ltr'><em>acerbissimum</em></span> <span class='ocrx_word' id='word_1_103' title='bbox 600 1576 706 1641; x_wconf 79' lang='lat' dir='ltr'><em>odi-iou</em></span> <span class='ocrx_word' id='word_1_104' title='bbox 735 1576 771 1640; x_wconf 86' lang='lat' dir='ltr'><em>iu</em></span> <span class='ocrx_word' id='word_1_105' title='bbox 800 1597 904 1658; x_wconf 82' lang='lat' dir='ltr'><em>repom</em></span> <span class='ocrx_word' id='word_1_106' title='bbox 934 1576 1118 1657; x_wconf 84' lang='lat' dir='ltr'><em>conceperit,</em></span> <span class='ocrx_word' id='word_1_107' title='bbox 1151 1578 1235 1657; x_wconf 81' lang='lat' dir='ltr'><em>quod</em></span> 
     </span>
     <span class='ocr_line' id='line_1_14' title="bbox 108 1664 1231 1747; baseline -0.002 -18"><span class='ocrx_word' id='word_1_108' title='bbox 108 1669 152 1731; x_wconf 87' lang='lat' dir='ltr'><em>ab</em></span> <span class='ocrx_word' id='word_1_109' title='bbox 182 1668 240 1731; x_wconf 89' lang='lat' dir='ltr'><em>hoe</em></span> <span class='ocrx_word' id='word_1_110' title='bbox 270 1669 392 1731; x_wconf 87' lang='lat' dir='ltr'><em>demum</em></span> <span class='ocrx_word' id='word_1_111' title='bbox 421 1672 574 1729; x_wconf 66' lang='lat' dir='ltr'><em>uiuneuco</em></span> <span class='ocrx_word' id='word_1_112' title='bbox 602 1665 803 1747; x_wconf 88' lang='lat' dir='ltr'><em>potissimum</em></span> <span class='ocrx_word' id='word_1_113' title='bbox 831 1665 868 1729; x_wconf 90' lang='lat' dir='ltr'><em>in</em></span> <span class='ocrx_word' id='word_1_114' title='bbox 897 1665 1082 1729; x_wconf 84' lang='lat' dir='ltr'><em>Annalibus</em></span> <span class='ocrx_word' id='word_1_115' title='bbox 1111 1664 1231 1745; x_wconf 78' lang='lat' dir='ltr'><em>effudit,</em></span> 
     </span>
     <span class='ocr_line' id='line_1_15' title="bbox 109 1753 1233 1835; baseline -0.002 -17"><span class='ocrx_word' id='word_1_116' title='bbox 109 1758 197 1820; x_wconf 74' lang='lat' dir='ltr'><em>rende</em></span> <span class='ocrx_word' id='word_1_117' title='bbox 220 1754 369 1835; x_wconf 82' lang='lat' dir='ltr'><em>eeeuerit,</em></span> <span class='ocrx_word' id='word_1_118' title='bbox 399 1761 434 1818; x_wconf 84' lang='lat' dir='ltr'><em>ut</em></span> <span class='ocrx_word' id='word_1_119' title='bbox 461 1754 512 1818; x_wconf 90' lang='lat' dir='ltr'><em>hic</em></span> <span class='ocrx_word' id='word_1_120' title='bbox 541 1775 610 1818; x_wconf 89' lang='lat' dir='ltr'><em>cum</em></span> <span class='ocrx_word' id='word_1_121' title='bbox 633 1753 804 1835; x_wconf 75' lang='lat' dir='ltr'><em>Harhoipo</em></span> <span class='ocrx_word' id='word_1_122' title='bbox 834 1754 944 1818; x_wconf 89' lang='lat' dir='ltr'><em>abbate</em></span> <span class='ocrx_word' id='word_1_123' title='bbox 973 1775 1039 1818; x_wconf 88' lang='lat' dir='ltr'><em>uon</em></span> <span class='ocrx_word' id='word_1_124' title='bbox 1062 1754 1136 1817; x_wconf 90' lang='lat' dir='ltr'><em>bene</em></span> <span class='ocrx_word' id='word_1_125' title='bbox 1164 1774 1233 1817; x_wconf 89' lang='lat' dir='ltr'><em>cou-</em></span> 
     </span>
     <span class='ocr_line' id='line_1_16' title="bbox 71 1840 1233 1922; baseline -0.002 -17"><span class='ocrx_word' id='word_1_126' title='bbox 71 1846 271 1922; x_wconf 76' lang='lat' dir='ltr'><em>acordaret,</em></span> <span class='ocrx_word' id='word_1_127' title='bbox 302 1849 337 1906; x_wconf 89' lang='lat' dir='ltr'><em>ut</em></span> <span class='ocrx_word' id='word_1_128' title='bbox 366 1842 548 1907; x_wconf 78' lang='lat' dir='ltr'><em>ridebimus.</em></span> <span class='ocrx_word' id='word_1_129' title='bbox 595 1842 639 1906; x_wconf 90' lang='lat' dir='ltr'><em>Iu</em></span> <span class='ocrx_word' id='word_1_130' title='bbox 663 1842 841 1907; x_wconf 87' lang='lat' dir='ltr'><em>coniectura</em></span> <span class='ocrx_word' id='word_1_131' title='bbox 871 1842 995 1922; x_wconf 73' lang='lat' dir='ltr'><em>alcidem</em></span> <span class='ocrx_word' id='word_1_132' title='bbox 1025 1842 1101 1906; x_wconf 90' lang='lat' dir='ltr'><em>haec</em></span> <span class='ocrx_word' id='word_1_133' title='bbox 1125 1840 1233 1921; x_wconf 82' lang='lat' dir='ltr'><em>posita</em></span> 
     </span>
     <span class='ocr_line' id='line_1_17' title="bbox 108 1931 1233 2011; baseline -0.003 -16"><span class='ocrx_word' id='word_1_134' title='bbox 108 1938 201 2010; x_wconf 73' lang='lat' dir='ltr'><em>sicut,</em></span> <span class='ocrx_word' id='word_1_135' title='bbox 232 1953 271 1996; x_wconf 87' lang='lat' dir='ltr'><em>ac</em></span> <span class='ocrx_word' id='word_1_136' title='bbox 293 1932 383 2011; x_wconf 76' lang='lat' dir='ltr'><em>lonpe</em></span> <span class='ocrx_word' id='word_1_137' title='bbox 405 1932 503 2011; x_wconf 87' lang='lat' dir='ltr'><em>abest,</em></span> <span class='ocrx_word' id='word_1_138' title='bbox 535 1937 569 1994; x_wconf 91' lang='lat' dir='ltr'><em>ut</em></span> <span class='ocrx_word' id='word_1_139' title='bbox 592 1931 668 1995; x_wconf 88' lang='lat' dir='ltr'><em>haec</em></span> <span class='ocrx_word' id='word_1_140' title='bbox 693 1952 769 1994; x_wconf 84' lang='lat' dir='ltr'><em>aera</em></span> <span class='ocrx_word' id='word_1_141' title='bbox 793 1932 931 2010; x_wconf 85' lang='lat' dir='ltr'><em>credam,</em></span> <span class='ocrx_word' id='word_1_142' title='bbox 962 1932 1018 1994; x_wconf 86' lang='lat' dir='ltr'><em>sed</em></span> <span class='ocrx_word' id='word_1_143' title='bbox 1039 1931 1233 2011; x_wconf 77' lang='lat' dir='ltr'><em>perpendere</em></span> 
     </span>
     <span class='ocr_line' id='line_1_18' title="bbox 108 2018 911 2101; baseline -0.002 -18"><span class='ocrx_word' id='word_1_144' title='bbox 108 2042 150 2084; x_wconf 86' lang='lat' dir='ltr'><em>ca</em></span> <span class='ocrx_word' id='word_1_145' title='bbox 173 2027 267 2101; x_wconf 76' lang='lat' dir='ltr'><em>atain</em></span> <span class='ocrx_word' id='word_1_146' title='bbox 289 2019 397 2083; x_wconf 82' lang='lat' dir='ltr'><em>animo</em></span> <span class='ocrx_word' id='word_1_147' title='bbox 420 2019 620 2083; x_wconf 63' lang='lat' dir='ltr'><em>conadeiare</em></span> <span class='ocrx_word' id='word_1_148' title='bbox 647 2018 739 2083; x_wconf 87' lang='lat' dir='ltr'><em>licere</em></span> <span class='ocrx_word' id='word_1_149' title='bbox 762 2019 911 2082; x_wconf 85' lang='lat' dir='ltr'><em>arbitror.</em></span> 
     </span>
     <span class='ocr_line' id='line_1_19' title="bbox 222 2107 1233 2188; baseline 0 -16"><span class='ocrx_word' id='word_1_150' title='bbox 222 2108 341 2172; x_wconf 88' lang='lat' dir='ltr'><em>Paucis</em></span> <span class='ocrx_word' id='word_1_151' title='bbox 364 2107 521 2171; x_wconf 76' lang='lat' dir='ltr'><em>roiensibus</em></span> <span class='ocrx_word' id='word_1_152' title='bbox 544 2113 617 2188; x_wconf 88' lang='lat' dir='ltr'><em>post</em></span> <span class='ocrx_word' id='word_1_153' title='bbox 640 2107 846 2188; x_wconf 77' lang='lat' dir='ltr'><em>Hartroipuur</em></span> <span class='ocrx_word' id='word_1_154' title='bbox 869 2109 1010 2171; x_wconf 88' lang='lat' dir='ltr'><em>abbatem</em></span> <span class='ocrx_word' id='word_1_155' title='bbox 1034 2108 1233 2173; x_wconf 74' lang='lat' dir='ltr'><em>constitutum</em></span> 
     </span>
     <span class='ocr_line' id='line_1_20' title="bbox 111 2192 1232 2278; baseline 0.001 -20"><span class='ocrx_word' id='word_1_156' title='bbox 111 2197 148 2261; x_wconf 82' lang='lat' dir='ltr'><em>in</em></span> <span class='ocrx_word' id='word_1_157' title='bbox 170 2198 292 2278; x_wconf 77' lang='lat' dir='ltr'><em>syuodo</em></span> <span class='ocrx_word' id='word_1_158' title='bbox 315 2195 494 2275; x_wconf 80' lang='lat' dir='ltr'><em>Ersurtiua</em></span> <span class='ocrx_word' id='word_1_159' title='bbox 518 2192 564 2272; x_wconf 88' lang='lat' dir='ltr'><em>(a.</em></span> <span class='ocrx_word' id='word_1_160' title='bbox 590 2202 684 2275; x_wconf 86' lang='lat'><em>1073,</em></span> <span class='ocrx_word' id='word_1_161' title='bbox 710 2196 812 2258; x_wconf 82' lang='lat' dir='ltr'><em>Mart.</em></span> <span class='ocrx_word' id='word_1_162' title='bbox 839 2199 894 2277; x_wconf 83' lang='lat'><em>10)</em></span> <span class='ocrx_word' id='word_1_163' title='bbox 920 2196 1132 2260; x_wconf 85' lang='lat' dir='ltr'><em>controuersia</em></span> <span class='ocrx_word' id='word_1_164' title='bbox 1156 2218 1232 2261; x_wconf 90' lang='lat' dir='ltr'><em>com·</em></span> 
     </span>
     <span class='ocr_line' id='line_1_21' title="bbox 71 2284 1233 2367; baseline 0 -18"><span class='ocrx_word' id='word_1_165' title='bbox 71 2285 216 2367; x_wconf 69' lang='lat' dir='ltr'><em>topos-ita</em></span> <span class='ocrx_word' id='word_1_166' title='bbox 239 2291 296 2365; x_wconf 90' lang='lat' dir='ltr'><em>est,</em></span> <span class='ocrx_word' id='word_1_167' title='bbox 324 2305 404 2365; x_wconf 74' lang='lat' dir='ltr'><em>oriae</em></span> <span class='ocrx_word' id='word_1_168' title='bbox 428 2284 494 2347; x_wconf 84' lang='lat' dir='ltr'><em>iarn</em></span> <span class='ocrx_word' id='word_1_169' title='bbox 515 2305 576 2365; x_wconf 85' lang='lat' dir='ltr'><em>per</em></span> <span class='ocrx_word' id='word_1_170' title='bbox 600 2284 712 2347; x_wconf 83' lang='lat' dir='ltr'><em>midtos</em></span> <span class='ocrx_word' id='word_1_171' title='bbox 734 2304 837 2348; x_wconf 90' lang='lat' dir='ltr'><em>annos</em></span> <span class='ocrx_word' id='word_1_172' title='bbox 859 2284 944 2348; x_wconf 90' lang='lat' dir='ltr'><em>inter</em></span> <span class='ocrx_word' id='word_1_173' title='bbox 967 2284 1172 2365; x_wconf 87' lang='lat' dir='ltr'><em>Liutpoldum</em></span> <span class='ocrx_word' id='word_1_174' title='bbox 1195 2307 1233 2349; x_wconf 90' lang='lat' dir='ltr'><em>ac</em></span> 
     </span>
     <span class='ocr_line' id='line_1_22' title="bbox 112 2371 1233 2454; baseline 0 -17"><span class='ocrx_word' id='word_1_175' title='bbox 112 2373 313 2454; x_wconf 74' lang='lat' dir='ltr'><em>Sipcfridum</em></span> <span class='ocrx_word' id='word_1_176' title='bbox 336 2372 585 2453; x_wconf 75' lang='lat' dir='ltr'><em>archiepiscopos</em></span> <span class='ocrx_word' id='word_1_177' title='bbox 605 2371 811 2452; x_wconf 77' lang='lat' dir='ltr'><em>Mapontinos</em></span> <span class='ocrx_word' id='word_1_178' title='bbox 833 2378 862 2436; x_wconf 93' lang='lat' dir='ltr'><em>et</em></span> <span class='ocrx_word' id='word_1_179' title='bbox 881 2372 1025 2436; x_wconf 89' lang='lat' dir='ltr'><em>abbatias</em></span> <span class='ocrx_word' id='word_1_180' title='bbox 1040 2374 1233 2437; x_wconf 82' lang='lat' dir='ltr'><em>Futdensern</em></span> 
     </span>
     <span class='ocr_line' id='line_1_23' title="bbox 111 2459 1233 2542; baseline 0.001 -17"><span class='ocrx_word' id='word_1_181' title='bbox 111 2462 431 2541; x_wconf 77' lang='lat' dir='ltr'><em>Hersfeldenseruque</em></span> <span class='ocrx_word' id='word_1_182' title='bbox 465 2463 502 2525; x_wconf 90' lang='lat' dir='ltr'><em>de</em></span> <span class='ocrx_word' id='word_1_183' title='bbox 536 2460 665 2525; x_wconf 87' lang='lat' dir='ltr'><em>decimis</em></span> <span class='ocrx_word' id='word_1_184' title='bbox 703 2459 904 2541; x_wconf 77' lang='lat' dir='ltr'><em>Ttucrinpiae</em></span> <span class='ocrx_word' id='word_1_185' title='bbox 942 2460 1122 2540; x_wconf 81' lang='lat' dir='ltr'><em>habebatur,</em></span> <span class='ocrx_word' id='word_1_186' title='bbox 1161 2482 1233 2542; x_wconf 80' lang='lat' dir='ltr'><em>repe</em></span> 
     </span>
     <span class='ocr_line' id='line_1_24' title="bbox 104 2549 1232 2631; baseline -0.003 -16"><span class='ocrx_word' id='word_1_187' title='bbox 104 2572 221 2630; x_wconf 87' lang='lat' dir='ltr'><em>pacem</em></span> <span class='ocrx_word' id='word_1_188' title='bbox 243 2549 328 2614; x_wconf 88' lang='lat' dir='ltr'><em>inter</em></span> <span class='ocrx_word' id='word_1_189' title='bbox 344 2556 455 2630; x_wconf 89' lang='lat' dir='ltr'><em>partes</em></span> <span class='ocrx_word' id='word_1_190' title='bbox 478 2549 674 2614; x_wconf 87' lang='lat' dir='ltr'><em>conciliante.</em></span> <span class='ocrx_word' id='word_1_191' title='bbox 714 2550 815 2629; x_wconf 78' lang='lat' dir='ltr'><em>Qrcaoa</em></span> <span class='ocrx_word' id='word_1_192' title='bbox 838 2570 905 2612; x_wconf 92' lang='lat' dir='ltr'><em>rem</em></span> <span class='ocrx_word' id='word_1_193' title='bbox 925 2554 1045 2631; x_wconf 71' lang='lat' dir='ltr'><em>pestana</em></span> <span class='ocrx_word' id='word_1_194' title='bbox 1067 2549 1114 2613; x_wconf 91' lang='lat' dir='ltr'><em>ita</em></span> <span class='ocrx_word' id='word_1_195' title='bbox 1138 2550 1232 2612; x_wconf 90' lang='lat' dir='ltr'><em>Lam-</em></span> 
     </span>
     <span class='ocr_line' id='line_1_25' title="bbox 105 2635 1233 2719; baseline 0 -17"><span class='ocrx_word' id='word_1_196' title='bbox 105 2644 220 2719; x_wconf 84' lang='lat' dir='ltr'><em>pertus</em></span> <span class='ocrx_word' id='word_1_197' title='bbox 244 2638 279 2702; x_wconf 89' lang='lat' dir='ltr'><em>iu</em></span> <span class='ocrx_word' id='word_1_198' title='bbox 296 2637 481 2702; x_wconf 85' lang='lat' dir='ltr'><em>Arrnalibus</em></span> <span class='ocrx_word' id='word_1_199' title='bbox 504 2640 652 2701; x_wconf 87' lang='lat' dir='ltr'><em>narrauit</em></span> <span class='ocrx_word' id='word_1_200' title='bbox 664 2638 685 2716; x_wconf 78' lang='lat'><em>1,</em></span> <span class='ocrx_word' id='word_1_201' title='bbox 709 2643 744 2700; x_wconf 91' lang='lat' dir='ltr'><em>ut</em></span> <span class='ocrx_word' id='word_1_202' title='bbox 766 2658 798 2700; x_wconf 89' lang='lat' dir='ltr'><em>se</em></span> <span class='ocrx_word' id='word_1_203' title='bbox 820 2635 874 2700; x_wconf 88' lang='lat' dir='ltr'><em>ira</em></span> <span class='ocrx_word' id='word_1_204' title='bbox 897 2643 990 2717; x_wconf 81' lang='lat' dir='ltr'><em>atque</em></span> <span class='ocrx_word' id='word_1_205' title='bbox 1012 2637 1233 2718; x_wconf 75' lang='lat' dir='ltr'><em>indipnatioue</em></span> 
     </span>
     <span class='ocr_line' id='line_1_26' title="bbox 72 2725 1233 2806; baseline -0.003 -13"><span class='ocrx_word' id='word_1_206' title='bbox 72 2725 320 2793; x_wconf 60' lang='lat' dir='ltr'><em>„excanduisse</em></span> <span class='ocrx_word' id='word_1_207' title='bbox 343 2728 521 2806; x_wconf 87' lang='lat' dir='ltr'><em>ostenderet,</em></span> <span class='ocrx_word' id='word_1_208' title='bbox 546 2727 630 2806; x_wconf 80' lang='lat' dir='ltr'><em>qocod</em></span> <span class='ocrx_word' id='word_1_209' title='bbox 645 2732 740 2806; x_wconf 90' lang='lat' dir='ltr'><em>pacto</em></span> <span class='ocrx_word' id='word_1_210' title='bbox 762 2725 818 2788; x_wconf 89' lang='lat' dir='ltr'><em>illo</em></span> <span class='ocrx_word' id='word_1_211' title='bbox 841 2725 969 2789; x_wconf 89' lang='lat' dir='ltr'><em>abbatia</em></span> <span class='ocrx_word' id='word_1_212' title='bbox 993 2725 1233 2804; x_wconf 81' lang='lat' dir='ltr'><em>Herssetdensis</em></span> 
     </span>
     <span class='ocr_line' id='line_1_27' title="bbox 110 2813 1233 2895; baseline 0 -17"><span class='ocrx_word' id='word_1_213' title='bbox 110 2817 266 2895; x_wconf 78' lang='lat' dir='ltr'><em>accosdam</em></span> <span class='ocrx_word' id='word_1_214' title='bbox 299 2814 492 2878; x_wconf 82' lang='lat' dir='ltr'><em>decimarum</em></span> <span class='ocrx_word' id='word_1_215' title='bbox 525 2813 646 2878; x_wconf 87' lang='lat' dir='ltr'><em>reditus</em></span> <span class='ocrx_word' id='word_1_216' title='bbox 678 2813 910 2893; x_wconf 87' lang='lat' dir='ltr'><em>archiepiscopo</em></span> <span class='ocrx_word' id='word_1_217' title='bbox 939 2813 1129 2894; x_wconf 78' lang='lat' dir='ltr'><em>Mapontino</em></span> <span class='ocrx_word' id='word_1_218' title='bbox 1164 2836 1233 2878; x_wconf 92' lang='lat' dir='ltr'><em>con·</em></span> 
     </span>
    </p>
   </div>
   <div class='ocr_carea' id='block_1_3' title="bbox 69 2901 1233 3512">
    <p class='ocr_par' dir='ltr' id='par_1_3' title="bbox 69 2901 1233 3512">
     <span class='ocr_line' id='line_1_28' title="bbox 110 2901 1232 2984; baseline -0.001 -17"><span class='ocrx_word' id='word_1_219' title='bbox 110 2924 213 2968; x_wconf 79' lang='lat' dir='ltr'><em>cassos</em></span> <span class='ocrx_word' id='word_1_220' title='bbox 232 2902 438 2984; x_wconf 83' lang='lat' dir='ltr'><em>perdidisset,</em></span> <span class='ocrx_word' id='word_1_221' title='bbox 463 2901 509 2965; x_wconf 90' lang='lat' dir='ltr'><em>ita</em></span> <span class='ocrx_word' id='word_1_222' title='bbox 532 2903 608 2966; x_wconf 89' lang='lat' dir='ltr'><em>haec</em></span> <span class='ocrx_word' id='word_1_223' title='bbox 631 2902 787 2983; x_wconf 73' lang='lat' dir='ltr'><em>esposuit,</em></span> <span class='ocrx_word' id='word_1_224' title='bbox 813 2901 918 2966; x_wconf 84' lang='lat' dir='ltr'><em>atrei</em></span> <span class='ocrx_word' id='word_1_225' title='bbox 940 2903 1022 2965; x_wconf 86' lang='lat' dir='ltr'><em>rnale</em></span> <span class='ocrx_word' id='word_1_226' title='bbox 1043 2908 1148 2983; x_wconf 78' lang='lat' dir='ltr'><em>pestae</em></span> <span class='ocrx_word' id='word_1_227' title='bbox 1172 2903 1232 2966; x_wconf 90' lang='lat' dir='ltr'><em>cut-</em></span> 
     </span>
     <span class='ocr_line' id='line_1_29' title="bbox 102 2990 1233 3072; baseline -0.001 -18"><span class='ocrx_word' id='word_1_228' title='bbox 102 3013 185 3072; x_wconf 88' lang='lat' dir='ltr'><em>pam</em></span> <span class='ocrx_word' id='word_1_229' title='bbox 216 3012 338 3055; x_wconf 75' lang='lat' dir='ltr'><em>omuau</em></span> <span class='ocrx_word' id='word_1_230' title='bbox 372 2990 408 3054; x_wconf 90' lang='lat' dir='ltr'><em>iu</em></span> <span class='ocrx_word' id='word_1_231' title='bbox 437 2990 643 3072; x_wconf 65' lang='lat' dir='ltr'><em>Harena-uu</em></span> <span class='ocrx_word' id='word_1_232' title='bbox 676 2991 817 3054; x_wconf 89' lang='lat' dir='ltr'><em>abbatem</em></span> <span class='ocrx_word' id='word_1_233' title='bbox 848 2990 1017 3069; x_wconf 75' lang='lat' dir='ltr'><em>consecret,</em></span> <span class='ocrx_word' id='word_1_234' title='bbox 1051 2992 1135 3054; x_wconf 90' lang='lat' dir='ltr'><em>unde</em></span> <span class='ocrx_word' id='word_1_235' title='bbox 1165 2991 1233 3054; x_wconf 83' lang='lat' dir='ltr'><em>iarn</em></span> 
     </span>
     <span class='ocr_line' id='line_1_30' title="bbox 102 3077 1230 3160; baseline -0.002 -17"><span class='ocrx_word' id='word_1_236' title='bbox 102 3079 319 3160; x_wconf 64' lang='lat' dir='ltr'><em>peraricirnus</em></span> <span class='ocrx_word' id='word_1_237' title='bbox 338 3100 408 3143; x_wconf 89' lang='lat' dir='ltr'><em>eum</em></span> <span class='ocrx_word' id='word_1_238' title='bbox 428 3100 497 3144; x_wconf 81' lang='lat' dir='ltr'><em>acm</em></span> <span class='ocrx_word' id='word_1_239' title='bbox 520 3080 577 3144; x_wconf 93' lang='lat' dir='ltr'><em>hoc</em></span> <span class='ocrx_word' id='word_1_240' title='bbox 599 3078 709 3142; x_wconf 85' lang='lat' dir='ltr'><em>abbate</em></span> <span class='ocrx_word' id='word_1_241' title='bbox 731 3079 768 3142; x_wconf 88' lang='lat' dir='ltr'><em>in</em></span> <span class='ocrx_word' id='word_1_242' title='bbox 791 3077 948 3142; x_wconf 86' lang='lat' dir='ltr'><em>sirnultate</em></span> <span class='ocrx_word' id='word_1_243' title='bbox 967 3080 1105 3159; x_wconf 79' lang='lat' dir='ltr'><em>quadam</em></span> <span class='ocrx_word' id='word_1_244' title='bbox 1120 3078 1230 3157; x_wconf 77' lang='lat' dir='ltr'><em>fuisse.</em></span> 
     </span>
     <span class='ocr_line' id='line_1_31' title="bbox 69 3167 1233 3248; baseline -0.004 -14"><span class='ocrx_word' id='word_1_245' title='bbox 69 3197 98 3234; x_wconf 64' lang='grc' dir='ltr'><em>ιο</em></span> <span class='ocrx_word' id='word_1_246' title='bbox 225 3169 313 3232; x_wconf 83' lang='lat' dir='ltr'><em>Tunc</em></span> <span class='ocrx_word' id='word_1_247' title='bbox 341 3170 465 3231; x_wconf 83' lang='lat' dir='ltr'><em>demrcm</em></span> <span class='ocrx_word' id='word_1_248' title='bbox 494 3168 683 3248; x_wconf 87' lang='lat' dir='ltr'><em>Lampertus</em></span> <span class='ocrx_word' id='word_1_249' title='bbox 712 3187 838 3231; x_wconf 90' lang='lat' dir='ltr'><em>carmen</em></span> <span class='ocrx_word' id='word_1_250' title='bbox 866 3188 1012 3231; x_wconf 71' lang='lat' dir='ltr'><em>numerem</em></span> <span class='ocrx_word' id='word_1_251' title='bbox 1042 3167 1233 3230; x_wconf 82' lang='lat' dir='ltr'><em>honouretro·</em></span> 
     </span>
     <span class='ocr_line' id='line_1_32' title="bbox 108 3254 1233 3337; baseline -0.001 -18"><span class='ocrx_word' id='word_1_252' title='bbox 108 3276 198 3336; x_wconf 87' lang='lat' dir='ltr'><em>rum,</em></span> <span class='ocrx_word' id='word_1_253' title='bbox 229 3258 313 3336; x_wconf 80' lang='lat' dir='ltr'><em>quod</em></span> <span class='ocrx_word' id='word_1_254' title='bbox 334 3255 448 3337; x_wconf 87' lang='lat' dir='ltr'><em>periit,</em></span> <span class='ocrx_word' id='word_1_255' title='bbox 480 3255 686 3335; x_wconf 86' lang='lat' dir='ltr'><em>composuisse</em></span> <span class='ocrx_word' id='word_1_256' title='bbox 715 3255 847 3334; x_wconf 86' lang='lat' dir='ltr'><em>uidetur,</em></span> <span class='ocrx_word' id='word_1_257' title='bbox 879 3275 939 3335; x_wconf 75' lang='lat' dir='ltr'><em>arco</em></span> <span class='ocrx_word' id='word_1_258' title='bbox 966 3275 1018 3319; x_wconf 90' lang='lat' dir='ltr'><em>res</em></span> <span class='ocrx_word' id='word_1_259' title='bbox 1046 3254 1233 3319; x_wconf 86' lang='lat' dir='ltr'><em>rnonaslerii</em></span> 
     </span>
     <span class='ocr_line' id='line_1_33' title="bbox 107 3343 1233 3424; baseline -0.002 -16"><span class='ocrx_word' id='word_1_260' title='bbox 107 3344 353 3423; x_wconf 80' lang='lat' dir='ltr'><em>Hersseldensis</em></span> <span class='ocrx_word' id='word_1_261' title='bbox 381 3343 498 3409; x_wconf 83' lang='lat' dir='ltr'><em>recenti-</em></span> <span class='ocrx_word' id='word_1_262' title='bbox 528 3350 662 3423; x_wconf 88' lang='lat' dir='ltr'><em>tempore</em></span> <span class='ocrx_word' id='word_1_263' title='bbox 690 3350 807 3424; x_wconf 78' lang='lat' dir='ltr'><em>pestus,</em></span> <span class='ocrx_word' id='word_1_264' title='bbox 838 3365 892 3407; x_wconf 91' lang='lat' dir='ltr'><em>eas</em></span> <span class='ocrx_word' id='word_1_265' title='bbox 915 3343 1120 3424; x_wconf 86' lang='lat' dir='ltr'><em>praesertim,</em></span> <span class='ocrx_word' id='word_1_266' title='bbox 1152 3363 1233 3423; x_wconf 78' lang='lat' dir='ltr'><em>puae</em></span> 
     </span>
     <span class='ocr_line' id='line_1_34' title="bbox 106 3431 1231 3512; baseline 0 -17"><span class='ocrx_word' id='word_1_267' title='bbox 106 3433 194 3497; x_wconf 85' lang='lat' dir='ltr'><em>male</em></span> <span class='ocrx_word' id='word_1_268' title='bbox 224 3432 368 3497; x_wconf 86' lang='lat' dir='ltr'><em>abbatiae</em></span> <span class='ocrx_word' id='word_1_269' title='bbox 396 3431 523 3497; x_wconf 86' lang='lat' dir='ltr'><em>cessisse</em></span> <span class='ocrx_word' id='word_1_270' title='bbox 552 3431 615 3512; x_wconf 87' lang='lat' dir='ltr'><em>ipsi</em></span> <span class='ocrx_word' id='word_1_271' title='bbox 643 3431 839 3512; x_wconf 86' lang='lat' dir='ltr'><em>uidebantur,</em></span> <span class='ocrx_word' id='word_1_272' title='bbox 872 3432 1005 3496; x_wconf 85' lang='lat' dir='ltr'><em>breuiter</em></span> <span class='ocrx_word' id='word_1_273' title='bbox 1032 3431 1231 3495; x_wconf 77' lang='lat' dir='ltr'><em>enarraoit².</em></span> 
     </span>
    </p>
   </div>
   <div class='ocr_carea' id='block_1_4' title="bbox 68 3604 1233 4447">
    <p class='ocr_par' dir='ltr' id='par_1_4' title="bbox 68 3604 1233 4447">
     <span class='ocr_line' id='line_1_35' title="bbox 110 3604 1233 3671; baseline -0.003 -12"><span class='ocrx_word' id='word_1_274' title='bbox 110 3606 139 3661; x_wconf 74' lang='lat' dir='ltr'><em>a</em></span> <span class='ocrx_word' id='word_1_275' title='bbox 157 3605 240 3669; x_wconf 78' lang='lat' dir='ltr'><em>Infra</em></span> <span class='ocrx_word' id='word_1_276' title='bbox 262 3622 291 3671; x_wconf 92' lang='lat' dir='ltr'><em>p.</em></span> <span class='ocrx_word' id='word_1_277' title='bbox 312 3607 460 3659; x_wconf 76' lang='lat'><em>141-144.</em></span> <span class='ocrx_word' id='word_1_278' title='bbox 499 3605 541 3669; x_wconf 82' lang='lat' dir='ltr'><em>Cf.</em></span> <span class='ocrx_word' id='word_1_279' title='bbox 567 3605 692 3669; x_wconf 75' lang='lat' dir='ltr'><em>Aicsfdd,</em></span> <span class='ocrx_word' id='word_1_280' title='bbox 721 3604 855 3656; x_wconf 76' lang='lat' dir='ltr'><em>‘Larnbert</em></span> <span class='ocrx_word' id='word_1_281' title='bbox 880 3621 928 3656; x_wconf 85' lang='lat' dir='ltr'><em>oon</em></span> <span class='ocrx_word' id='word_1_282' title='bbox 954 3605 1080 3669; x_wconf 78' lang='lat' dir='ltr'><em>Hersfcld</em></span> <span class='ocrx_word' id='word_1_283' title='bbox 1104 3605 1162 3654; x_wconf 84' lang='lat' dir='ltr'><em>und</em></span> <span class='ocrx_word' id='word_1_284' title='bbox 1185 3605 1233 3656; x_wconf 80' lang='lat' dir='ltr'><em>der</em></span> 
     </span>
     <span class='ocr_line' id='line_1_36' title="bbox 68 3676 1230 3743; baseline -0.001 -17"><span class='ocrx_word' id='word_1_285' title='bbox 68 3677 289 3730; x_wconf 72' lang='lat' dir='ltr'><em>ssZehntstrcit’</em></span> <span class='ocrx_word' id='word_1_286' title='bbox 310 3694 339 3743; x_wconf 87' lang='lat' dir='ltr'><em>p.</em></span> <span class='ocrx_word' id='word_1_287' title='bbox 359 3679 487 3736; x_wconf 76' lang='lat'><em>59-74,·</em></span> <span class='ocrx_word' id='word_1_288' title='bbox 514 3677 557 3729; x_wconf 53' lang='grc' dir='ltr'><em>(Ν,</em></span> <span class='ocrx_word' id='word_1_289' title='bbox 576 3676 689 3727; x_wconf 84' lang='lat' dir='ltr'><em>Archio&#39;</em></span> <span class='ocrx_word' id='word_1_290' title='bbox 709 3676 795 3740; x_wconf 88' lang='lat' dir='ltr'><em>XIX,</em></span> <span class='ocrx_word' id='word_1_291' title='bbox 818 3693 848 3741; x_wconf 88' lang='lat' dir='ltr'><em>p.</em></span> <span class='ocrx_word' id='word_1_292' title='bbox 870 3679 1029 3730; x_wconf 79' lang='lat'><em>185-190.</em></span> <span class='ocrx_word' id='word_1_293' title='bbox 1120 3677 1147 3740; x_wconf 78' lang='lat'><em>2)</em></span> <span class='ocrx_word' id='word_1_294' title='bbox 1165 3677 1230 3729; x_wconf 73' lang='lat' dir='ltr'><em>Ina.</em></span> 
     </span>
     <span class='ocr_line' id='line_1_37' title="bbox 109 3746 1231 3813; baseline -0.001 -16"><span class='ocrx_word' id='word_1_295' title='bbox 109 3747 194 3800; x_wconf 83' lang='lat' dir='ltr'><em>Hero.</em></span> <span class='ocrx_word' id='word_1_296' title='bbox 209 3748 292 3812; x_wconf 75' lang='lat' dir='ltr'><em>prot,</em></span> <span class='ocrx_word' id='word_1_297' title='bbox 310 3748 391 3810; x_wconf 78' lang='lat' dir='ltr'><em>infra</em></span> <span class='ocrx_word' id='word_1_298' title='bbox 405 3763 434 3813; x_wconf 92' lang='lat' dir='ltr'><em>p.</em></span> <span class='ocrx_word' id='word_1_299' title='bbox 449 3749 510 3801; x_wconf 81' lang='lat'><em>345.</em></span> <span class='ocrx_word' id='word_1_300' title='bbox 543 3747 627 3798; x_wconf 89' lang='lat' dir='ltr'><em>Paulo</em></span> <span class='ocrx_word' id='word_1_301' title='bbox 645 3754 707 3798; x_wconf 84' lang='lat' dir='ltr'><em>onte</em></span> <span class='ocrx_word' id='word_1_302' title='bbox 724 3747 790 3800; x_wconf 85' lang='lat' dir='ltr'><em>Inst.</em></span> <span class='ocrx_word' id='word_1_303' title='bbox 810 3746 892 3800; x_wconf 72' lang='lat' dir='ltr'><em>Heu.</em></span> <span class='ocrx_word' id='word_1_304' title='bbox 912 3747 959 3797; x_wconf 87' lang='lat' dir='ltr'><em>hoc</em></span> <span class='ocrx_word' id='word_1_305' title='bbox 976 3763 1083 3797; x_wconf 74' lang='lat' dir='ltr'><em>aaronem</em></span> <span class='ocrx_word' id='word_1_306' title='bbox 1102 3748 1231 3812; x_wconf 75' lang='lat' dir='ltr'><em>scriptum</em></span> 
     </span>
     <span class='ocr_line' id='line_1_38' title="bbox 108 3818 1233 3884; baseline 0.002 -18"><span class='ocrx_word' id='word_1_307' title='bbox 108 3818 198 3879; x_wconf 76' lang='lat' dir='ltr'><em>fuisse</em></span> <span class='ocrx_word' id='word_1_308' title='bbox 217 3819 276 3884; x_wconf 86' lang='lat' dir='ltr'><em>ipsa</em></span> <span class='ocrx_word' id='word_1_309' title='bbox 295 3819 372 3869; x_wconf 84' lang='lat' dir='ltr'><em>verba</em></span> <span class='ocrx_word' id='word_1_310' title='bbox 388 3819 530 3884; x_wconf 80' lang='lat' dir='ltr'><em>Lanrperti</em></span> <span class='ocrx_word' id='word_1_311' title='bbox 547 3818 658 3869; x_wconf 81' lang='lat' dir='ltr'><em>suadere</em></span> <span class='ocrx_word' id='word_1_312' title='bbox 677 3818 807 3882; x_wconf 73' lang='lat' dir='ltr'><em>viduetur,</em></span> <span class='ocrx_word' id='word_1_313' title='bbox 827 3834 894 3882; x_wconf 81' lang='lat' dir='ltr'><em>quae</em></span> <span class='ocrx_word' id='word_1_314' title='bbox 912 3818 986 3867; x_wconf 84' lang='lat' dir='ltr'><em>nihil</em></span> <span class='ocrx_word' id='word_1_315' title='bbox 1002 3819 1160 3880; x_wconf 82' lang='lat' dir='ltr'><em>contineant,</em></span> <span class='ocrx_word' id='word_1_316' title='bbox 1180 3832 1233 3882; x_wconf 84' lang='lat' dir='ltr'><em>qno</em></span> 
     </span>
     <span class='ocr_line' id='line_1_39' title="bbox 108 3888 1231 3955; baseline 0 -17"><span class='ocrx_word' id='word_1_317' title='bbox 108 3888 160 3939; x_wconf 85' lang='lat' dir='ltr'><em>hoc</em></span> <span class='ocrx_word' id='word_1_318' title='bbox 178 3895 240 3940; x_wconf 81' lang='lat' dir='ltr'><em>ante</em></span> <span class='ocrx_word' id='word_1_319' title='bbox 258 3889 364 3954; x_wconf 76' lang='lat' dir='ltr'><em>loupiac</em></span> <span class='ocrx_word' id='word_1_320' title='bbox 389 3892 513 3955; x_wconf 65' lang='lat' dir='ltr'><em>unapars</em></span> <span class='ocrx_word' id='word_1_321' title='bbox 537 3891 656 3955; x_wconf 84' lang='lat' dir='ltr'><em>spatium</em></span> <span class='ocrx_word' id='word_1_322' title='bbox 675 3889 776 3951; x_wconf 78' lang='lat' dir='ltr'><em>foetum</em></span> <span class='ocrx_word' id='word_1_323' title='bbox 795 3904 848 3939; x_wconf 84' lang='lat' dir='ltr'><em>esse</em></span> <span class='ocrx_word' id='word_1_324' title='bbox 867 3889 1005 3940; x_wconf 82' lang='lat' dir='ltr'><em>indicetur.</em></span> <span class='ocrx_word' id='word_1_325' title='bbox 1034 3918 1064 3924; x_wconf 93' lang='lat'><em>-</em></span> <span class='ocrx_word' id='word_1_326' title='bbox 1093 3888 1231 3939; x_wconf 72' lang='lat' dir='ltr'><em>Athama</em></span> 
     </span>
     <span class='ocr_line' id='line_1_40' title="bbox 110 3958 1232 4024; baseline -0.001 -15"><span class='ocrx_word' id='word_1_327' title='bbox 110 3959 290 4024; x_wconf 77' lang='lat' dir='ltr'><em>Paanenborp</em></span> <span class='ocrx_word' id='word_1_328' title='bbox 308 3961 378 4010; x_wconf 83' lang='lat' dir='ltr'><em>hunc</em></span> <span class='ocrx_word' id='word_1_329' title='bbox 397 3960 480 4010; x_wconf 85' lang='lat' dir='ltr'><em>locum</em></span> <span class='ocrx_word' id='word_1_330' title='bbox 502 3961 570 4010; x_wconf 82' lang='lat' dir='ltr'><em>arole</em></span> <span class='ocrx_word' id='word_1_331' title='bbox 588 3961 791 4024; x_wconf 73' lang='lat' dir='ltr'><em>inhrpretatum</em></span> <span class='ocrx_word' id='word_1_332' title='bbox 809 3958 936 4010; x_wconf 80' lang='lat' dir='ltr'><em>obstinate</em></span> <span class='ocrx_word' id='word_1_333' title='bbox 954 3959 1105 4010; x_wconf 79' lang='lat' dir='ltr'><em>contmdere</em></span> <span class='ocrx_word' id='word_1_334' title='bbox 1122 3975 1153 4008; x_wconf 88' lang='lat' dir='ltr'><em>oc</em></span> <span class='ocrx_word' id='word_1_335' title='bbox 1168 3974 1232 4022; x_wconf 87' lang='lat' dir='ltr'><em>per·</em></span> 
     </span>
     <span class='ocr_line' id='line_1_41' title="bbox 69 4030 1231 4095; baseline -0.005 -11"><span class='ocrx_word' id='word_1_336' title='bbox 69 4031 238 4084; x_wconf 76' lang='lat' dir='ltr'><em>mtinociter</em></span> <span class='ocrx_word' id='word_1_337' title='bbox 262 4046 412 4082; x_wconf 68' lang='lat' dir='ltr'><em>cameraco</em></span> <span class='ocrx_word' id='word_1_338' title='bbox 431 4031 545 4082; x_wconf 84' lang='lat' dir='ltr'><em>Carmen</em></span> <span class='ocrx_word' id='word_1_339' title='bbox 570 4031 601 4081; x_wconf 76' lang='lat' dir='ltr'><em>de</em></span> <span class='ocrx_word' id='word_1_340' title='bbox 619 4030 682 4080; x_wconf 88' lang='lat' dir='ltr'><em>betto</em></span> <span class='ocrx_word' id='word_1_341' title='bbox 701 4031 834 4080; x_wconf 79' lang='lat' dir='ltr'><em>Saaauico</em></span> <span class='ocrx_word' id='word_1_342' title='bbox 857 4045 874 4079; x_wconf 90' lang='lat' dir='ltr'><em>a</em></span> <span class='ocrx_word' id='word_1_343' title='bbox 894 4030 1038 4095; x_wconf 85' lang='lat' dir='ltr'><em>Lornperto</em></span> <span class='ocrx_word' id='word_1_344' title='bbox 1060 4032 1231 4095; x_wconf 70' lang='lat' dir='ltr'><em>conpositum</em></span> 
     </span>
     <span class='ocr_line' id='line_1_42' title="bbox 109 4099 1231 4165; baseline -0.002 -13"><span class='ocrx_word' id='word_1_345' title='bbox 109 4116 165 4152; x_wconf 75' lang='lat' dir='ltr'><em>aesc</em></span> <span class='ocrx_word' id='word_1_346' title='bbox 183 4099 296 4152; x_wconf 65' lang='lat' dir='ltr'><em>orente</em></span> <span class='ocrx_word' id='word_1_347' title='bbox 320 4101 367 4152; x_wconf 84' lang='lat' dir='ltr'><em>hoc</em></span> <span class='ocrx_word' id='word_1_348' title='bbox 386 4102 440 4152; x_wconf 85' lang='lat' dir='ltr'><em>loco</em></span> <span class='ocrx_word' id='word_1_349' title='bbox 464 4103 597 4152; x_wconf 81' lang='lat' dir='ltr'><em>nrouuisse</em></span> <span class='ocrx_word' id='word_1_350' title='bbox 618 4101 735 4163; x_wconf 73' lang='lat' dir='ltr'><em>sufficet,-</em></span> <span class='ocrx_word' id='word_1_351' title='bbox 760 4103 904 4165; x_wconf 74' lang='lat' dir='ltr'><em>perictioni</em></span> <span class='ocrx_word' id='word_1_352' title='bbox 923 4115 1049 4164; x_wconf 72' lang='lat' dir='ltr'><em>caiusque</em></span> <span class='ocrx_word' id='word_1_353' title='bbox 1069 4101 1231 4164; x_wconf 84' lang='lat' dir='ltr'><em>ineptiarum</em></span> 
     </span>
     <span class='ocr_line' id='line_1_43' title="bbox 104 4171 1232 4237; baseline -0.004 -14"><span class='ocrx_word' id='word_1_354' title='bbox 104 4173 251 4237; x_wconf 60' lang='lat' dir='ltr'><em>procreat,</em></span> <span class='ocrx_word' id='word_1_355' title='bbox 277 4179 308 4222; x_wconf 83' lang='lat' dir='ltr'><em>ut</em></span> <span class='ocrx_word' id='word_1_356' title='bbox 333 4172 379 4223; x_wconf 88' lang='lat' dir='ltr'><em>hoc</em></span> <span class='ocrx_word' id='word_1_357' title='bbox 398 4172 511 4223; x_wconf 74' lang='lat' dir='ltr'><em>Carmen</em></span> <span class='ocrx_word' id='word_1_358' title='bbox 530 4177 655 4223; x_wconf 69' lang='lat' dir='ltr'><em>ornatum</em></span> <span class='ocrx_word' id='word_1_359' title='bbox 674 4171 812 4221; x_wconf 77' lang='lat' dir='ltr'><em>Lamberti</em></span> <span class='ocrx_word' id='word_1_360' title='bbox 828 4173 948 4222; x_wconf 88' lang='lat' dir='ltr'><em>auctoris</em></span> <span class='ocrx_word' id='word_1_361' title='bbox 966 4173 1070 4221; x_wconf 87' lang='lat' dir='ltr'><em>nomine</em></span> <span class='ocrx_word' id='word_1_362' title='bbox 1091 4173 1121 4220; x_wconf 83' lang='lat' dir='ltr'><em>ia</em></span> <span class='ocrx_word' id='word_1_363' title='bbox 1143 4171 1232 4237; x_wconf 82' lang='lat' dir='ltr'><em>publi·</em></span> 
     </span>
     <span class='ocr_line' id='line_1_44' title="bbox 110 4242 1233 4309; baseline -0.001 -18"><span class='ocrx_word' id='word_1_364' title='bbox 110 4257 171 4291; x_wconf 84' lang='lat' dir='ltr'><em>cum</em></span> <span class='ocrx_word' id='word_1_365' title='bbox 188 4258 275 4309; x_wconf 61' lang='grc' dir='ltr'><em>πειρον</em></span> <span class='ocrx_word' id='word_1_366' title='bbox 293 4245 426 4297; x_wconf 81' lang='lat' dir='ltr'><em>emitteret.</em></span> <span class='ocrx_word' id='word_1_367' title='bbox 463 4242 576 4293; x_wconf 79' lang='lat' dir='ltr'><em>Libellos</em></span> <span class='ocrx_word' id='word_1_368' title='bbox 595 4243 645 4292; x_wconf 89' lang='lat' dir='ltr'><em>hac</em></span> <span class='ocrx_word' id='word_1_369' title='bbox 662 4242 693 4292; x_wconf 83' lang='lat' dir='ltr'><em>de</em></span> <span class='ocrx_word' id='word_1_370' title='bbox 710 4257 740 4292; x_wconf 87' lang='lat' dir='ltr'><em>re</em></span> <span class='ocrx_word' id='word_1_371' title='bbox 757 4244 916 4308; x_wconf 70' lang='lat' dir='ltr'><em>conecmptos</em></span> <span class='ocrx_word' id='word_1_372' title='bbox 942 4242 998 4291; x_wconf 73' lang='lat' dir='ltr'><em>vose</em></span> <span class='ocrx_word' id='word_1_373' title='bbox 1017 4248 1184 4292; x_wconf 66' lang='lat' dir='ltr'><em>mutuaratos</em></span> <span class='ocrx_word' id='word_1_374' title='bbox 1201 4243 1233 4290; x_wconf 81' lang='lat' dir='ltr'><em>r&#39;n</em></span> 
     </span>
     <span class='ocr_line' id='line_1_45' title="bbox 106 4312 1230 4379; baseline -0.001 -15"><span class='ocrx_word' id='word_1_375' title='bbox 106 4314 280 4378; x_wconf 75' lang='lat' dir='ltr'><em>praefatione</em></span> <span class='ocrx_word' id='word_1_376' title='bbox 298 4329 355 4365; x_wconf 83' lang='lat' dir='ltr'><em>moa</em></span> <span class='ocrx_word' id='word_1_377' title='bbox 375 4314 520 4377; x_wconf 70' lang='lat' dir='ltr'><em>Carissimis,</em></span> <span class='ocrx_word' id='word_1_378' title='bbox 539 4313 586 4366; x_wconf 88' lang='lat' dir='ltr'><em>SS.</em></span> <span class='ocrx_word' id='word_1_379' title='bbox 600 4313 663 4377; x_wconf 90' lang='lat' dir='ltr'><em>XV,</em></span> <span class='ocrx_word' id='word_1_380' title='bbox 682 4315 712 4376; x_wconf 82' lang='lat'><em>2,</em></span> <span class='ocrx_word' id='word_1_381' title='bbox 731 4314 926 4379; x_wconf 70' lang='lat' dir='ltr'><em>p.12143qq.;</em></span> <span class='ocrx_word' id='word_1_382' title='bbox 945 4312 993 4365; x_wconf 82' lang='lat' dir='ltr'><em>SS.</em></span> <span class='ocrx_word' id='word_1_383' title='bbox 1013 4312 1082 4365; x_wconf 66' lang='lat' dir='ltr'><em>Ra.</em></span> <span class='ocrx_word' id='word_1_384' title='bbox 1099 4329 1128 4377; x_wconf 86' lang='lat' dir='ltr'><em>p.</em></span> <span class='ocrx_word' id='word_1_385' title='bbox 1148 4320 1230 4375; x_wconf 78' lang='lat' dir='ltr'><em>t&#39;sqq.</em></span> 
     </span>
     <span class='ocr_line' id='line_1_46' title="bbox 72 4382 1232 4447; baseline -0.005 -9"><span class='ocrx_word' id='word_1_386' title='bbox 72 4399 101 4438; x_wconf 75' lang='lat' dir='ltr'><em>so</em></span> <span class='ocrx_word' id='word_1_387' title='bbox 112 4384 225 4435; x_wconf 81' lang='lat' dir='ltr'><em>Praeter</em></span> <span class='ocrx_word' id='word_1_388' title='bbox 241 4399 283 4436; x_wconf 80' lang='lat' dir='ltr'><em>eos</em></span> <span class='ocrx_word' id='word_1_389' title='bbox 301 4385 358 4436; x_wconf 73' lang='lat' dir='ltr'><em>cide</em></span> <span class='ocrx_word' id='word_1_390' title='bbox 377 4384 408 4437; x_wconf 79' lang='lat' dir='ltr'><em>F.</em></span> <span class='ocrx_word' id='word_1_391' title='bbox 427 4383 520 4447; x_wconf 74' lang='lat' dir='ltr'><em>scaen,</em></span> <span class='ocrx_word' id='word_1_392' title='bbox 542 4384 591 4434; x_wconf 71' lang='lat' dir='ltr'><em>‘Iu</em></span> <span class='ocrx_word' id='word_1_393' title='bbox 609 4383 735 4435; x_wconf 85' lang='lat' dir='ltr'><em>Lombcrt</em></span> <span class='ocrx_word' id='word_1_394' title='bbox 753 4399 802 4434; x_wconf 82' lang='lat' dir='ltr'><em>oon</em></span> <span class='ocrx_word' id='word_1_395' title='bbox 819 4382 945 4447; x_wconf 81' lang='lat' dir='ltr'><em>Hersfcld</em></span> <span class='ocrx_word' id='word_1_396' title='bbox 963 4383 1011 4435; x_wconf 84' lang='lat' dir='ltr'><em>der</em></span> <span class='ocrx_word' id='word_1_397' title='bbox 1028 4383 1169 4446; x_wconf 75' lang='lat' dir='ltr'><em>Verfasser</em></span> <span class='ocrx_word' id='word_1_398' title='bbox 1186 4383 1232 4432; x_wconf 79' lang='lat' dir='ltr'><em>des</em></span> 
     </span>
    </p>
   </div>
   <div class='ocr_carea' id='block_1_5' title="bbox 985 4485 1018 4540">
    <p class='ocr_par' dir='ltr' id='par_1_5' title="bbox 985 4485 1018 4540">
     <span class='ocr_line' id='line_1_47' title="bbox 985 4485 1018 4540; baseline 0 0"><span class='ocrx_word' id='word_1_399' title='bbox 985 4485 1018 4540; x_wconf 90' lang='lat'><em>11</em></span> 
     </span>
    </p>
   </div>
   <div class='ocr_carea' id='block_1_6' title="bbox 0 0 1426 5026">
    <p class='ocr_par' dir='ltr' id='par_1_6' title="bbox 0 0 1426 5026">
     <span class='ocr_line' id='line_1_48' title="bbox 0 0 1426 5026; baseline 0 0"><span class='ocrx_word' id='word_1_400' title='bbox 0 0 1426 5026; x_wconf 95' lang='lat' dir='ltr'><em> </em></span> 
     </span>
    </p>
   </div>
  </div>
 </body>
</html>
