2842 5026
237 443 334 498 VITA
353 443 471 500 LULLI
488 442 668 500 ARCHIEP.
687 442 798 500 AUCT.
817 444 1037 502 LAMPERTO.
1145 451 1199 505 325

65 644 192 689 rerum
214 625 481 709 tempestatibus
505 627 770 709 comprimendis
801 631 1082 711 peroportunum.
1130 629 1198 693 Sed

68 713 172 778 huno
194 713 269 776 illi⁸
290 714 447 797 protinus
469 708 731 798 reppuleruntb,
755 718 932 797 tamquam
950 716 1107 798 partibus
1131 719 1198 800 epi·

70 803 174 886 soopi
195 803 385 886 impensius
400 803 575 866 faventem
591 806 628 866 et
648 803 878 867 sedicionibus
902 804 972 866 suis
993 805 1106 868 minus
1125 806 1198 888 spei

72 891 291 955 afferentem.
337 891 488 954 Rursum
518 891 809 975 archiepiscopus,
841 896 963 975 utpote
994 893 1053 975 qui
1083 894 1197 957 animo

44 980 184 1042 oiixum
208 978 353 1044 haberet
376 999 437 1062 per
457 980 572 1042 omnia
595 979 644 1043 eis
667 976 797 1043 morem
820 1000 947 1062 gerere,
973 982 1138 1063 quamdiu
1162 982 1197 1044 id

74 1070 195 1152 posset
211 1068 306 1130 salva
321 1067 485 1150 equitate,
510 1067 612 1150 ipsis⁰
634 1067 786 1150 eligendi
802 1067 937 1131 abbatia
954 1070 1195 1134 auctoritatem

75 1156 244 1239 permisit.
283 1149 412 1220 Laeto(¹
434 1155 488 1218 illi
511 1157 577 1218 hoe
600 1156 715 1218 animo
739 1156 932 1239 suscipiunt
955 1178 1100 1239 eumque
1125 1179 1197 1241 pro·

74 1244 192 1307 tinus⁰
221 1246 341 1308 creant
363 1243 526 1307 abbatem
536 1243 557 1319 1,
589 1244 648 1326 qui
679 1244 927 1327 archiepiscopi
951 1246 1133 1309 conatibus
1156 1267 1197 1310 ex

76 1325 188 1414 equos
214 1332 358 1406 auderet
381 1332 517 1396 obviam
540 1332 590 1396 ire
614 1332 777 1414 eiusqueg
803 1333 954 1395 tumidos
984 1334 1126 1416 spiritus
1155 1369 1197 1376 —

41 1420 128 1485 mita
151 1419 285 1484 scilicet
307 1420 362 1482 illi
384 1419 648 1503 suspicabantur
672 1453 714 1463 -
738 1421 909 1504 opposita,
941 1425 982 1483 ut
1006 1422 1074 1486 dici
1098 1421 1195 1498 solet,

75 1508 193 1572 fronte
225 1508 441 1590 refringeret.
488 1508 524 1571 Is
554 1509 672 1590 itaque
701 1512 836 1572 creatus
866 1530 945 1572 cum
975 1531 1101 1592 magna
1130 1531 1196 1574 om-

10 1624 13 1629 ·
75 1596 174 1659 nium
204 1597 443 1680 expectatione
474 1597 644 1680 principio
674 1597 799 1660 statuit
829 1597 894 1660 sibi
925 1618 1002 1660 cum
1033 1598 1197 1681 arehiepi-

76 1704 181 1768 soopo
210 1705 284 1749 rem
318 1685 482 1749 atrociter
510 1686 707 1768 gerendam.
753 1685 830 1748 Nisi
860 1686 951 1749 enim
985 1686 1022 1748 id
1054 1686 1195 1762 faceret,

76 1772 168 1836 male
191 1793 227 1837 se
251 1793 394 1836 usurum
416 1774 482 1836 hac
506 1772 698 1856 prelatione
723 1773 807 1836 satis
824 1776 918 1838 certo
943 1774 1083 1838 sciebat.
1120 1775 1196 1839 Hoc

46 1862 180 1925 amodo
204 1882 279 1925 cum
306 1881 366 1945 per
393 1860 570 1925 biennium
597 1882 700 1944 grave
727 1862 901 1945 utrimque
925 1861 1054 1926 bellum
1079 1863 1196 1946 gessis-

75 1953 164 2025 sent,
190 1942 267 2013 hieh
295 1950 480 2023 benefieiis,
511 1949 565 2011 illi
588 1949 668 2013 odio
692 1953 727 2013 et
751 1950 965 2014 detractione
989 1944 1195 2025 certantee¹,

74 2041 112 2101 et
132 2038 310 2121 egregium
326 2038 534 2120 pontificem,
558 2037 655 2101 illius
678 2038 802 2101 aetatis
819 2038 1045 2101 clarissimum
1068 2039 1195 2112 lumen,

74 2127 152 2190 sine
187 2126 438 2191 intermissione
469 2126 582 2190 verbis
616 2126 903 2209 petulantissimis
931 2127 1195 2204 insectarentur,

74 2215 169 2278 sicut
191 2215 275 2278 heul
299 2214 517 2297 hequentius
541 2214 615 2278 fieri
638 2214 760 2291 solet⁰,
784 2217 957 2296 postremo
975 2209 1109 2279 uicerek
1129 2219 1195 2278 stu·

26 2303 136 2368 todia
159 2303 320 2386 partium.
360 2302 449 2366 Nam
473 2324 533 2367 rex
557 2303 733 2386 Pippinus‚
759 2305 941 2385 postquam
965 2302 1196 2367 diuturnitate

72 2392 242 2474 temporis
270 2392 469 2456 iracundiae
492 2391 663 2455 fervorem
686 2391 885 2473 digesserat,
915 2391 953 2453 in
975 2391 1122 2474 gratiam
1148 2413 1196 2455 re·

74 2480 185 2556 diens,
208 2483 250 2542 ut
265 2480 441 2544 verissime
457 2480 601 2555 confido,
627 2479 806 2542 annitente
829 2479 866 2542 in
883 2479 948 2542 hoc
964 2479 1077 2562 ipsum
1094 2480 1196 2543 beato

73 2567 189 2643 Lullo,
215 2570 255 2630 ut
269 2567 432 2633 videlicet
448 2568 514 2632 hac
529 2568 664 2631 ratione
680 2567 808 2631 obiecti
831 2567 897 2630 sibi
915 2568 1068 2631 criminis
1091 2569 1195 2651 suspi-

73 2657 210 2720 cionem
241 2661 419 2739 purgaret,
452 2656 684 2719 Sturmionem
715 2656 875 2719 abbatem
907 2656 949 2719 ab
974 2656 1076 2720 exilio
1103 2672 1279 2724 reve-765?

22 2745 181 2818 necavit,
221 2738 444 2828 receptoque¹
484 2745 518 2807 in
556 2745 740 2827 pristinum
779 2747 909 2807 statum
943 2744 1075 2827 gratiae
1114 2765 1195 2808 suae

73 2832 252 2897 licentiam
287 2833 434 2896 indulsit
471 2833 507 2895 in
542 2833 787 2896 monasterium
822 2831 994 2896 Fuldense
1028 2833 1195 2896 redeundi

74 2941 262 3004 curamque
285 2922 358 2985 eius
387 2923 477 2985 sieut
500 2924 724 2985 consueverat
747 2920 1021 2984 administrandi.
1069 2920 1119 2982 Ea
1141 2940 1194 2983 res

73 3009 225 3073 fratrum
256 3010 387 3073 animos
416 3010 454 3072 in
483 3030 578 3093 spem
602 3009 782 3071 maximam
815 3011 1002 3084 arrexerat,
1035 3009 1194 3091 episcopo

74 3117 156 3161 vero
192 3118 261 3161 non
300 3098 466 3162 minorem
505 3097 687 3162 sedicionis
722 3097 976 3180 comprimendo
1012 3101 1047 3160 et
1080 3117 1194 3160 rerum

38 3206 237 3270 aoprospere
253 3188 482 3268 gerendarum
498 3186 771 3269 desperationem
795 3185 994 3248 incusserat.
1033 3184 1195 3248 Preterea

74 3295 145 3338 non
177 3275 340 3339 mediocri
370 3275 465 3339 tedio
495 3275 564 3337 iam
595 3273 813 3337 afficiebatur
840 3272 975 3335 animus
1001 3273 1084 3347 eine,
1116 3292 1194 3334 cum

75 3363 210 3426 videret
241 3366 297 3426 tot
331 3366 515 3445 tantosque
549 3362 684 3425 labores
722 3382 801 3424 suos
834 3361 1006 3423 incassum
1041 3360 1192 3433 effluere,

76 3451 251 3515 beneficiis
278 3451 444 3514 invidiam
467 3471 536 3513 non
560 3450 729 3532 extingui,
761 3449 820 3512 sed
843 3451 1021 3531 tamquam
1044 3449 1193 3531 supposi-

74 3540 151 3602 tis¹¹¹
175 3539 310 3603 facibus
333 3540 442 3622 magis
473 3539 648 3621 magisque
679 3538 714 3600 in
739 3537 812 3600 dies
835 3536 1110 3610 incandesceren,
1142 3556 1194 3599 ex·

45 3631 227 3691 atremae⁰
261 3648 341 3692 vero
372 3628 565 3691 dementiae
600 3646 673 3690 esse
708 3625 789 3688 huie
824 3625 899 3688 loco
928 3628 1046 3688 tantas
1079 3645 1194 3688 rerum

74 3709 247 3800 impensas
270 3716 343 3780 sine
367 3715 485 3779 fructu
508 3715 693 3791 insumere,
723 3713 848 3796 quibus
872 3712 940 3776 alio
963 3713 1000 3775 in
1024 3713 1099 3776 loco
1123 3733 1194 3795 per·

74 3825 164 3868 enne
195 3804 358 3887 nullaque
385 3806 560 3869 vetustate
591 3802 799 3867 abolendum
830 3802 911 3865 fidei
940 3805 976 3864 et
999 3801 1193 3865 devocionis

74 3995 97 4040 ι)
110 4005 144 4043 pr.
159 3995 192 4033 {lli
207 3993 239 4036 2¹³.
320 3995 343 4041 b)
361 3994 436 4043 expui.
454 3993 610 4042 corr.reppu1.
625 3995 644 4040 1,
663 3992 728 4031 etita
747 3991 805 4033 Μ.
820 3990 870 4028 ΞΜ
890 3990 986 4040 (τομαὶ.)
1068 3994 1088 4038 ο)
1107 3990 1148 4038 ipsi
1163 3989 1193 4030 2¹.

76 4043 99 4094 d)
114 4047 164 4086 Leti
180 4048 385 4090 illihoesusc.2¹.
456 4047 477 4096 e)
491 4057 597 4094 superocr.
608 4048 625 4087 1.
707 4046 783 4093 oque
798 4045 830 4086 2⁸.
906 4047 928 4093 g)
943 4045 990 4083 eiua
1005 4045 1037 4083 2⁸.
1119 4044 1142 4090 h]
1158 4043 1194 4081 hic

39 4099 147 4141 cotenes.
163 4101 196 4140 illi
210 4102 232 4138 in
246 4102 292 4140 loco
306 4112 365 4149 roso,
380 4100 432 4138 alifa
445 4100 519 4138 deletis
531 4102 550 4139 1.
597 4099 613 4147 1)
628 4098 776 4146 decertantes,
791 4100 828 4137 aad
842 4095 870 4136 de
885 4098 943 4136 linea
956 4097 1109 4145 weterempra
1123 4096 1164 4136 del.
1174 4097 1193 4141 1,

76 4162 102 4191 ae
114 4155 192 4192 seilicet
206 4155 249 4193 duo
262 4155 327 4192 verbu
342 4154 434 4192 ararum
445 4157 497 4201 poet
511 4153 604 4189 alterum
618 4152 692 4189 eadem
703 4153 864 4199 praeponerem
878 4152 1006 4199 inciperem
1025 4154 1048 4186 m
1066 4160 1123 4190 corr.
1139 4147 1194 4189 1¹·b.

77 4205 134 4249 Μ.
189 4207 214 4256 k)
227 4208 319 4247 uincere
334 4208 364 4248 2⁵.
418 4207 434 4253 1)
449 4216 492 4254 que
506 4216 612 4254 ouperecr.
622 4207 641 4246 1.
696 4207 725 4250 m)
740 4205 860 4252 subpositis
876 4202 924 4242 1¹·b
944 4207 970 4252 (a.
986 4209 1000 4242 t.
1014 4213 1071 4243 corr.
1086 4208 1100 4243 t.
1115 4215 1132 4244 e,
1148 4201 1193 4251 lb),

78 4261 208 4310 subposuitir
222 4259 255 4302 ib.
309 4262 332 4306 n)
347 4257 411 4301 eund.
426 4270 484 4301 corr.
498 4256 596 4306 inecnd,
612 4258 635 4296 in
648 4267 755 4306 cuper-acra
766 4259 784 4299 1.
838 4260 861 4304 o)
876 4262 976 4296 extremo
990 4259 1021 4298 2¹.

82 4401 106 4471 1)
123 4402 305 4455 Prezzoldum.
