2842 5026
365 426 566 485 LAMPERTI
583 425 772 482 ANNALES.
808 427 845 480 Δ.
865 428 943 483 1075.
1165 429 1220 483 203

206 572 270 676 nu
295 613 418 677 diebus
440 611 589 695 contigit
614 611 712 695 gravi
735 609 898 675 amnuo
921 609 1306 693 Babenbergensinou.

125 701 284 777 weclesiae
320 705 450 765 statum
485 700 699 765 labefactari.
745 699 1000 764 Herimannus⁸
1038 698 1219 782 episcopus

125 791 299 866 aeclesiam
333 791 370 853 in
400 782 585 854 honoremb
621 788 715 854 beati
744 787 864 852 Iacobi
894 787 1099 870 Babeuberg
1133 787 1218 851 foris

125 898 617 1047 illicitabat&
633 876 1219 1031 ,auditiauditi

125 1059 205 1150 plinis
219 1057 314 1121 haud
330 1057 501 1133 obscuros,
523 1057 791 1139 congregaverat
807 1058 843 1119 et
859 1055 908 1118 eis
924 1075 1011 1137 quae
1027 1055 1072 1117 ad
1088 1054 1219 1117 victum

125 1147 330 1229 vestiumque
360 1144 561 1210 sufficerent
590 1144 724 1209 affatim
755 1144 961 1227 providerat.
1009 1141 1163 1226 Cumque
1190 1142 1220 1205 is

126 1258 204 1326 quem
232 1234 496 1318 congregacioni
531 1234 724 1317 prefecerat
757 1233 877 1296 morbo
913 1237 1098 1316 preventus
1128 1231 1220 1295 diem

125 1324 278 1395 dausisset
302 1326 503 1399 extremum,
527 1325 651 1387 nactus
666 1322 940 1405 oportunitatem
956 1321 1130 1405 temporis,
1156 1319 1219 1385 cle·

125 1419 191 1483 n'as
216 1411 351 1496 expulit
381 1415 417 1477 et
447 1411 561 1475 locum
584 1412 696 1495 ipsum
721 1432 798 1475 cum
822 1410 982 1474 omnibus
1006 1409 1220 1493 appendiciis

125 1504 177 1571 suis
195 1495 374 1584 Egberdod
401 1500 520 1565 abbati
550 1500 593 1565 de
624 1499 751 1564 Sancto
781 1498 952 1564 Michaele
980 1499 1147 1562 tradidit⁰
1175 1499 1219 1562 ad

125 1590 352 1659 instituendum
385 1588 460 1653 illic
494 1589 649 1654 ordinem
684 1589 928 1665 monasticum,
964 1608 1034 1651 uon
1068 1588 1219 1651 offensus

125 1679 241 1748 crimine
272 1679 388 1762 aliquo
419 1677 635 1754 clericorum,
667 1698 760 1753 cum,
791 1680 832 1740 ut
863 1677 948 1753 dixi,
979 1677 1220 1741 honestissime

125 1772 199 1835 {uxta
219 1759 491 1832 ecclesiasticasr
509 1766 604 1850 leges
620 1767 726 1830 vitam
749 1767 984 1843 instituerent,
1010 1766 1070 1830 sed
1094 1759 1220 1829 'mona-

125 1858 207 1923 dicaa
230 1855 498 1921 conversationis
521 1856 697 1919 mundicia
719 1855 912 1920 delectatus
934 1855 972 1918 in
995 1857 1071 1919 toto
1095 1855 1220 1938 episco-

125 1949 188 2011 ratu
215 1966 286 2021 suc,
319 1945 348 2008 si
378 1945 453 2009 fieri
475 1948 599 2028 posset,
632 1944 721 2009 hanc
748 1944 857 2009 solam
881 1964 954 2009 esse
977 1944 1085 2007 vitam
1109 1944 1219 2027 cupie-

125 2039 176 2112 »at
199 2033 271 2098 zelo
295 2034 433 2116 quidem
457 2033 532 2110 Dei,
559 2033 619 2098 sed
642 2055 712 2098 non
736 2032 926 2098 secundum
949 2033 1139 2110 scientiam,
1171 2033 1321 2099 sicema

125 2122 273 2187 mulatus
302 2121 463 2187 Rachelis
493 2121 798 2207 pulchritudinem,
830 2125 870 2185 ut
897 2122 1003 2187 Liaess
1029 2122 1219 2186 fecundita-

125 2229 176 2277 em
202 2212 239 2274 in
269 2211 460 2275 thalamum
492 2211 649 2276 caelestis
680 2212 797 2295 sponsi
826 2231 896 2276 non
920 2212 1076 2276 crederet
1099 2212 1219 2275 admit·

125 2301 241 2364 endam
252 2300 273 2361 ¹.
320 2299 446 2364 Clerici
475 2301 533 2383 qui
564 2300 698 2384 expulsi
720 2301 861 2364 fuerant
887 2301 1038 2384 graviter
1060 2300 1221 2366 ferebant

125 2386 177 2455 ine
205 2409 309 2453 causa
338 2389 524 2453 destitutos
554 2410 590 2454 se
620 2409 693 2454 esse
728 2381 838 2474 stipeh
873 2389 1115 2466 ecclesiastica,
1152 2411 1221 2472 qua

125 2475 294 2544 labantur.
341 2476 467 2542 Olerici
495 2498 630 2561 quoque
653 2478 791 2543 maioris
818 2478 1004 2544 aecclesiae
1028 2479 1234 2545 Babenber·'

125 2567 216 2640 :ensis
246 2571 318 2630 tam
347 2567 486 2631 illorum
517 2587 620 2650 quam
650 2587 746 2631 suam
777 2568 886 2632 vicem
917 2568 1092 2646 dolebant,
1129 2569 1221 2651 quod

125 2655 235 2720 cilicet
256 2677 327 2719 non
350 2656 424 2720 siue
444 2676 573 2739 magna
595 2656 649 2720 sui
672 2656 801 2721 ordinis
823 2650 966 2721 iniuria¹
991 2661 1130 2721 tantum
1154 2659 1221 2742 epi-

125 2764 225 2828 oopus
249 2744 400 2809 deferret
423 2745 537 2809 ordini
559 2746 759 2810 monastico.
807 2745 922 2828 Igitur
944 2740 1094 2811 iunctis¹¹
1117 2747 1221 2831 preci·

125 2854 167 2897 us
196 2827 326 2896 adorti¹
357 2837 438 2897 sunt
468 2854 556 2910 eum,
588 2835 807 2900 obsecrantes
837 2855 898 2919 per
927 2835 1051 2914 Deum,
1082 2855 1126 2899 ne
1156 2837 1220 2913 his,

125 2922 226 2987 uibus
242 2921 376 2985 nullum
393 2923 522 2988 crimen
544 2923 761 3007 impingeret,
787 2925 860 2988 sine
877 2924 1080 3007 legittimam
1096 2924 1222 2989 discus·

125 3011 197 3076 ione
227 3015 263 3075 et
293 3011 470 3075 audientia
500 3012 647 3096 eriperet
677 3014 841 3078 canonice
872 3017 1032 3097 suscepta
1066 3012 1222 3077 ecclesia-

125 3100 209 3165 ticae
234 3100 496 3164 sustentationis
520 3101 686 3166 beneficia
708 3123 772 3166 nec
796 3103 924 3166 sineret
954 3123 1012 3166 eos
1036 3101 1223 3167 destitutos

125 3188 291 3272 piritualis
315 3189 462 3254 miliciae
486 3190 676 3274 stipendiis,
701 3191 826 3273 quibus
845 3193 1021 3273 preterea
1043 3189 1132 3253 nihil
1156 3211 1223 3253 am·

125 3276 194 3340 lius
217 3281 306 3342 esset
328 3278 378 3341 rei
401 3278 590 3355 familiaris,
616 3280 742 3363 probro
766 3283 801 3343 et
820 3279 973 3343 ostentui
998 3279 1073 3342 fieri
1096 3279 1223 3343 secula·

125 3366 207 3430 ibus.
242 3366 487 3451 Episcopatum
506 3368 829 3450 Babenbergensem
852 3387 980 3451 paucas
1002 3367 1131 3433 habere
1147 3389 1223 3432 con·

125 3455 322 3538 regaoiones
353 3456 564 3534 clericorum,
596 3461 631 3522 et
661 3457 740 3522 ideo
767 3478 837 3521 non
860 3460 932 3520 tam
956 3457 1134 3521 monachis
1158 3458 1224 3523 sibi

125 3565 188 3628 pus
222 3565 295 3608 esse
330 3566 432 3627 quam
467 3546 613 3621 clericis,
650 3567 795 3629 quorum
834 3546 900 3630 ipsi
938 3545 1066 3611 solacio
1102 3547 1224 3612 diebus

125 3633 311 3697 olemnibus
341 3634 376 3695 in
412 3635 695 3717 processionibus,
732 3635 768 3697 iu
799 3635 1017 3719 susceptione
1047 3637 1224 3721 hospitum

137 3805 277 3845 flammans
291 3805 338 3846 Ba.
393 3806 417 3856 b)
431 3806 514 3846 bonore
527 3808 575 3848 Ba.
617 3811 638 3857 c)
652 3812 721 3848 exsta.
736 3808 783 3849 Bi.
826 3808 849 3856 d)
863 3807 980 3859 Egbartho
995 3810 1047 3860 113
1062 3809 1162 3860 aguero
1176 3811 1224 3852 Ba

136 3864 160 3898 et
174 3860 225 3897 add.
241 3859 300 3899 ⁸1⁸.
356 3860 448 3910 nleges
463 3862 516 3900 eccl.
532 3861 579 3902 ΒΞ.
634 3861 658 3912 g)
671 3863 707 3912 lya
721 3862 769 3902 Μ.
820 3862 843 3910 h)
857 3863 916 3912 stipa
928 3862 988 3903 sib.
1043 3862 1060 3913 l)
1074 3863 1162 3917 iactura
1176 3864 1224 3905 Bi.

140 3914 213 3952 cuncti
228 3913 274 3952 Bt.
329 3913 345 3962 l)
359 3915 434 3954 adorsi
448 3914 495 3953 Bl.
504 3915 524 3966 2,
539 3915 568 3962 cs.
584 3926 653 3965 cupra
663 3927 688 3964 p.
699 3916 747 3963 lto,
762 3927 784 3954 a.
795 3925 817 3966 g.
873 3920 904 3964 m)
919 3916 1019 3967 legitima
1033 3917 1081 3956 Al.

125 4067 129 4111 l
146 4053 248 4106 Rachel
264 4057 333 4106 enim
345 4056 571 4121 conuntplaticam
584 4059 674 4119 mom,
692 4056 746 4107 Lc'a
758 4059 872 4108 odivam
890 4057 1026 4121 significat
1044 4059 1124 4108 ium
1142 4059 1226 4108 inter-

125 4128 275 4178 maionem
295 4126 422 4190 Gregorii
439 4128 550 4192 Magna·
570 4129 605 4191 cf.
624 4130 680 4178 eiua
699 4128 761 4192 Bao.
783 4127 847 4192 I,b,
867 4126 938 4194 Epp.
958 4127 982 4191 I,
999 4143 1030 4192 p.
1043 4129 1074 4180 7:
1097 4124 1225 4178 Contem-

125 4196 220 4248 lstivae
238 4196 310 4248 vitae
330 4195 560 4264 pulchritudinem
578 4197 655 4250 velut
673 4195 823 4250 Rachelem
842 4195 925 4249 dilexi
947 4197 1076 4250 sterilem.
1091 4235 1097 4249 .
1111 4235 1139 4249 ..
1169 4194 1226 4250 Sed

129 4308 163 4322 ..
188 4266 240 4320 Lia
264 4267 332 4319 mihi
357 4267 386 4319 in
411 4272 490 4319 nocte
516 4266 660 4320 coniuncta
685 4272 735 4334 est,
756 4268 846 4320 activa
864 4266 992 4321 videlicet
1009 4267 1075 4335 vita,
1100 4266 1225 4335 fecunda,

125 4337 149 4390 a]
167 4338 250 4406 lippa.
277 4338 406 4390 Eiusdem
424 4339 523 4393 Mor-ol.
542 4341 572 4389 in
590 4338 638 4390 Iob
654 4338 700 4403 VI,
714 4342 741 4406 b,
759 4341 831 4403 561,
851 4337 917 4404 Opp.
930 4340 970 4392 od.
983 4340 1076 4395 Maur.
1094 4339 1227 4403 (Parisiis

125 4411 228 4474 305)1,
248 4411 295 4463 col.
309 4413 379 4470 alta·
399 4412 428 4461 in
447 4409 541 4462 Emi.
561 4408 633 4474 z.11‚
653 4409 722 4463 bom,
734 4413 761 4476 2,
781 4412 853 4474 510.
868 4413 910 4474 ll,
929 4410 963 4465 it.
982 4410 1030 4464 col.
1045 4411 1115 4465 1824
1125 4426 1165 4477 oq.

516 4672 648 4712 Α
