2842 5026
185 443 387 504 LAMPERTI
404 444 626 503 INSTI'l'U'I'IO
645 445 941 506 HERVELDRNSIS
959 446 1062 507 Boou.
1133 453 1186 510 353

173 633 402 716 Subsequitur
436 653 526 696 mors
561 633 697 697 abbatis
726 633 953 717 Meginheril.
999 635 1186 699 Heinricus
1197 645 1274 697 1050.

51 739 162 784 cesar
196 723 347 806 optimus
381 722 478 785 obiit.
531 722 622 787 Item
657 722 829 804 Egbertus
861 722 1044 787 Fuldensis
1079 724 1186 788 abbas
1197 733 1274 786 1056.
1313 767 1315 770 ι

51 807 158 874 inter
180 812 317 875 eosdem
337 810 433 874 obiit.
469 808 670 891 [Plurimum
689 812 882 875 commendat
905 816 1016 875 auctor
1037 811 1094 876 hoc
1112 818 1184 877 tres,
1197 821 1274 875 1058.

54 896 130 962 Sed
159 897 294 980 episcopi
316 898 512 978 Barctordi,
543 898 607 962 oiri
636 898 742 980 atique
771 899 883 979 concii,
914 899 969 980 qai
999 906 1027 964 et
1056 906 1186 965 mortem

23 1006 157 1050 nouom
180 986 333 1069 predixit,
358 988 459 1068 pluro
489 989 571 1052 tono
594 987 668 1067 fecit
691 993 720 1052 et
741 987 908 1052 miraculis
931 989 1055 1070 clarecit,
1083 1011 1185 1071 repre·

54 1072 175 1140 herimo
196 1076 320 1141 cicietur
341 1076 473 1157 iniusto,
504 1083 533 1140 et
556 1078 640 1157 qaod
667 1076 822 1159 crcpiierii
848 1076 970 1141 acediae
992 1077 1096 1158 ei'cooe
1113 1099 1184 1159 poe·

53 1163 201 1229 nitentia
224 1167 335 1230 ciricius
362 1186 436 1230 cero
464 1164 637 1231 restituerit
665 1187 745 1247 quoe
773 1165 890 1230 initiate
916 1165 1088 1248 inceseret,
1120 1189 1185 1232 ooo

54 1260 216 1318 consonat
239 1252 389 1335 veritati]

107 1432 180 1496 EX
202 1431 352 1498 LIBRO
376 1431 603 1500 SECUNDO
625 1432 857 1499 EIUSDEM
881 1434 1136 1501 GOLLEOTA.

10 1563 46 1605 ro
170 1539 356 1605 Heinricus
372 1562 467 1605 cesar
483 1542 631 1606 moriens
647 1540 851 1606 Heinricum
868 1542 978 1606 filium
1003 1544 1183 1626 parvulum
1195 1555 1271 1610 1056.

55 1628 204 1712 reliquit
234 1630 396 1695 heredem
429 1630 493 1694 sub
524 1632 748 1695 matrissuae
772 1633 929 1715 Agnetis,
961 1633 1182 1715 prudentissi-

57 1739 139 1782 mae
162 1738 311 1802 regmae,
336 1740 513 1802 regrmrne.

168 1807 371 1870 Ruthardus
398 1809 570 1890 quondam
602 1808 708 1872 abbas
732 1808 948 1874 Corbeiensis
971 1811 1182 1894 Megenhero
1194 1822 1271 1877 1050.

57 1896 228 1959 successit
246 1896 366 1960 abbati
382 1897 599 1974 Herveldiae‚
624 1898 677 1961 vir
692 1900 842 1982 prudens
866 1902 902 1963 et
925 1901 1181 1982 magnanimus;

19 1983 240 2067 rsimpemre,
265 2006 335 2049 non
358 1986 520 2070 imperari
542 1987 649 2050 novit.
684 1988 741 2051 Ad
757 1988 911 2052 seculum
935 1989 1124 2071 prudenter
1147 2009 1183 2053 se

57 2073 201 2157 agebat,
237 2075 274 2137 in
309 2075 548 2158 spiritualibus
583 2077 811 2141 mediocriter.
861 2077 1092 2160 Megenherus
1128 2078 1184 2140 via

57 2162 235 2226 contraria
256 2163 454 2229 incesserat

169 2254 270 2316 Anno
294 2251 508 2318 Coloniensis
539 2254 816 2337 archiepiscopus
843 2255 954 2317 filium
977 2255 1182 2318 Heinricum

57 2340 165 2403 matri
195 2341 350 2418 abstulit,
381 2342 545 2406 flentibus
575 2343 739 2425 utrisque.
787 2343 976 2427 Episcopus
999 2364 1078 2407 cum
1101 2364 1220 2451 rege
1193 2337 1270 2390 1⁰⁶2

16 2428 105 2494 suad
130 2449 166 2494 se
188 2450 301 2494 rerum
326 2430 561 2514 gubernacula
582 2431 773 2494 transtulit.
1191 2407 1251 2456 (Ψ
1252 2411 1271 2456 )
1289 2429 1293 2437 ’

167 2518 240 2582 Rex
262 2519 403 2583 interim
423 2520 641 2603 Ungarorum
665 2519 836 2597 Salomon
861 2521 929 2585 et
919 2541 993 2604 rpse
1017 2542 1111 2604 puer
1137 2521 1180 2585 ab

57 2606 253 2671 avunculo²
267 2628 374 2691 regno
393 2609 514 2692 pulsus
537 2609 580 2672 ad
598 2608 801 2672 Heinricum
825 2609 993 2692 confugit.
1033 2609 1180 2693 Utrique
1192 2622 1269 2676 1063.

58 2695 204 2759 alterius
228 2717 322 2760 soror
339 2698 546 2780 desponsata
563 2697 711 2761 fuerati.
746 2696 915 2760 Restituit
933 2698 1046 2781 ipsum
1062 2719 1179 2782 regno,

57 2784 207 2849 Annone
231 2790 437 2868 cooperante
447 2786 469 2847 ⁴.

13 2899 46 2938 aa
168 2872 362 2951 Heinricus,
395 2896 472 2938 cum
504 2875 547 2937 ad
572 2878 742 2937 maturam
766 2875 916 2939 venisset
940 2880 1100 2951 aetatem,
1132 2897 1180 2940 re·

58 2960 145 3025 licto
176 2962 366 3045 episcopo⁵
402 2965 590 3027 secundum
626 2964 799 3046 propriam
834 2964 921 3027 vixit
952 2965 1177 3040 voluntatem,

58 3051 333 3134 promittensque
356 3052 524 3115 Karolum
548 3052 714 3136 Magnum
745 3074 807 3117 suo
835 3053 950 3117 seculo
974 3075 1046 3118 sese
1070 3075 1178 3136 repre-

57 3141 286 3217 senatorum,
311 3140 464 3205 Roboam
489 3162 524 3206 se
542 3142 801 3225 representavit.
837 3140 905 3222 [Dc
921 3162 981 3221 quo
1003 3147 1054 3204 sot
1054 3141 1082 3204 is
1041 3140 1179 3203 talibi

56 3226 203 3292 scribito
203 3224 236 3308 J
280 3192 384 3294 'Anno
416 3231 530 3295 curiae
561 3252 596 3295 se
626 3231 800 3295 abdicavit
830 3231 917 3305 ideo,
949 3231 986 3293 in
1015 3230 1089 3293 ocia
1117 3235 1174 3293 se⁸
1190 3244 1266 3296 1064

12 3317 238 3400 aorecipiens.
272 3318 481 3384 Adelbertus
498 3320 692 3384 Bremensis
708 3319 985 3402 archiepiscopus
1000 3319 1122 3382 loco
1092 3339 1175 3395 erus

57 3426 130 3469 non
151 3406 354 3485 industriae,
378 3402 623 3473 substituiturb
630 3455 637 3470 .

55 3577 81 3625 ι)
97 3589 139 3617 om.
154 3591 172 3617 c.
227 3578 251 3630 b)
265 3579 288 3618 tn
302 3592 372 3628 moro.
388 3581 452 3623 odda
466 3582 512 3620 Isto
526 3584 560 3620 aa
574 3578 680 3621 laudator
694 3579 791 3622 Goreke.

63 3719 224 3772 Wotterooio
242 3723 303 3774 000
321 3722 355 3773 lic
372 3723 451 3786 finito
469 3728 506 3775 est
523 3728 600 3772 corto
612 3723 752 3791 Liutpoldi
763 3723 956 3791 archicpiscopi
973 3724 1039 3775 doto
1057 3739 1083 3777 a
1098 3726 1176 3789 1057,

56 3791 130 3857 Auo.
142 3794 186 3855 27,
210 3793 312 3859 Waaeo,
334 3794 418 3847 &Has
438 3793 637 3858 Londeooeacli!
655 3794 695 3859 H,
715 3795 807 3848 ‘sora
823 3796 977 3863 p.44⁸qq.,
995 3811 1039 3848 nr.
1052 3798 1097 3850 35.
1135 3795 1177 3858 Cf.

15 3862 217 3931 soAuefelip.
230 3867 263 3918 31
277 3880 315 3930 oq.
399 3866 424 3928 1)
444 3864 616 3930 Meolnliems
633 3881 686 3917 non
700 3873 771 3932 post,
790 3867 836 3918 sed
854 3872 914 3918 onte
932 3866 1090 3917 Borctordi'
1107 3882 1178 3917 nior-

56 3939 109 3985 tem
134 3934 215 3995 obtin
241 3936 276 3999 cf.
295 3950 381 4000 cupro
404 3953 432 4003 p.
451 3937 536 4002 coro.
627 3938 654 4001 2)
677 3937 786 4001 Belol,
812 3937 903 4001 fratre
921 3937 1053 4001 Androm,
1078 3944 1178 4004 patruo

57 4007 145 4071 iqitur
163 3972 321 4070 Solomonia
343 4022 418 4072 qiam
436 4007 532 4074 Lamp.
552 4024 578 4060 o.
593 4009 671 4071 1061,
697 4025 783 4075 cupro
797 4025 827 4074 p.
841 4012 885 4071 77,
904 4009 971 4060 niolo
992 4010 1177 4075 propinquum

56 4075 278 4130 Andronicum.
359 4079 387 4144 3)
405 4078 462 4130 Hoc
480 4079 584 4142 solcum
601 4084 647 4132 at.
684 4079 820 4131 salomom¹
836 4079 941 4145 quidem
960 4079 1085 4131 Heinrici
1101 4095 1178 4130 soror

55 4145 132 4197 luna
150 4146 279 4213 (Sophia)
297 4149 453 4216 deapoosoto
472 4156 531 4202 erat
549 4150 597 4215 (cs
616 4166 702 4215 supro
715 4167 745 4216 p
759 4153 815 4215 78),
839 4152 884 4202 sod
901 4151 992 4201 huic
981 4167 1036 4201 rom
1055 4167 1080 4203 o
1100 4153 1177 4205 1055.

15 4216 160 4272 aaaron
179 4219 250 4270 Italo
276 4235 374 4286 eponae
393 4226 458 4274 erat.
548 4223 577 4287 4)
603 4220 661 4272 Hoc
683 4189 815 4284 (Annond
833 4221 1014 4288 cooperante),
1039 4222 1109 4288 quod
1133 4237 1178 4273 nco

56 4287 154 4355 lamp.
180 4307 309 4358 aupirop
311 4294 382 4348 ,85
408 4294 489 4357 dixit,
517 4308 598 4359 neque
626 4293 696 4343 Anu.
723 4292 814 4346 Alica.
842 4294 973 4355 referunt,
1000 4292 1177 4356 confirmator

54 4361 153 4411 notitia
171 4308 344 4416 delicatoria
360 4380 490 4431 soprop.
503 4366 547 4428 85,
566 4380 592 4417 n.
606 4365 631 4418 2.
651 4364 771 4417 laudato.
833 4364 860 4430 5)
877 4364 997 4417 Annona
1029 4363 1072 4427 Cf.
1091 4379 1177 4431 mpro

927 4543 963 4597 23

1231 4636 1356 4738 Ι
