2842 5026
462 375 662 432 Lnnffaari
679 376 867 433 ANNALES.
905 377 940 432 A.
961 380 1038 434 1076.
1263 380 1316 434 265

184 557 228 621 in
270 559 430 624 custodia
466 560 684 636 tenebantur,
726 580 863 624 omnem
902 560 1059 624 adhiberi
1098 559 1315 645 diligentiam
1326 570 1404 624 1076.

185 646 347 725 iubebat,
373 668 416 712 ne
441 648 669 714 elaberentur.
704 648 857 730 Ideoque
881 649 995 731 sepius
1019 649 1083 724 his,
1109 649 1233 731 quibus
1258 671 1316 713 eos
1359 687 1362 692 ·

187 737 380 801 servandos
411 737 612 814 crediderat,
644 737 841 814 mandabat,
873 742 913 800 ut
943 758 1109 802 memores
1138 738 1315 802 beneficio·

188 844 272 888 rum
295 845 445 903 suorum,
469 846 635 891 memores
658 826 890 902 iurisiurandi,
915 847 982 908 quo
1006 826 1072 890 sibi
1096 826 1198 890 fidem
1218 848 1315 890 suam

163 913 398 990 stimassent,
423 915 570 978 traditos
585 914 761 979 custodiae
778 935 859 979 suae
878 915 1085 978 intemerata
1104 915 1181 991 fide,
1207 916 1315 979 donec

191 1006 465 1085 reposcerentur,
490 1006 665 1067 servarent
680 1023 744 1067 nec
760 1001 907 1066 aliorum
923 1003 1118 1086 principum
1139 1004 1315 1067 fedissimo

192 1095 497 1175 corrumperentur
527 1090 691 1175 exemplo,
724 1092 782 1174 qui
806 1091 954 1155 dimissis
982 1113 1043 1155 suo
1067 1092 1200 1155 iniussu
1224 1093 1315 1156 dedi·

192 1179 296 1254 ticiis,
329 1180 410 1243 dum
443 1180 593 1263 privatas
622 1200 702 1243 suas
733 1180 876 1243 iniurias
907 1180 944 1242 in
967 1201 1082 1262 regem
1106 1180 1226 1244 ulcisci
1249 1180 1316 1245 vel·

192 1265 278 1344 lent,
312 1267 444 1332 cladem
475 1269 657 1332 maximam
688 1272 724 1333 et
754 1268 924 1332 maculam
955 1269 1074 1331 multis
1098 1270 1222 1333 seculis
1246 1291 1315 1333 non

163 1355 400 1421 nabolendam
423 1357 473 1421 rei
496 1357 655 1440 publicae
678 1357 888 1421 intulissent.

302 1445 348 1508 Et
371 1446 531 1510 omnibus
554 1446 691 1528 quidem
722 1447 888 1522 infensus,
921 1446 1084 1520 omnium,
1116 1449 1157 1508 ut
1180 1446 1314 1509 videba-

195 1536 261 1610 tur,
295 1535 471 1618 sanguinis
506 1534 626 1598 avidus
662 1538 735 1600 erat
747 1535 767 1596 ¹.
814 1535 981 1618 Precipue
1012 1538 1129 1597 tamen
1164 1535 1316 1617 episcopi

196 1620 534 1700 Helberstadensis²,
558 1643 659 1705 quem
684 1627 860 1706 tamquam
877 1624 988 1687 tocius
1005 1623 1193 1686 Saxonicae
1209 1623 1315 1687 rebel·

196 1709 298 1774 lionis
321 1712 510 1796 principem
535 1715 571 1776 et
587 1712 740 1775 omnium
764 1733 851 1794 quae
875 1732 973 1776 secus
997 1711 1195 1775 acciderant
1218 1712 1315 1774 fomi-

163 1803 263 1864 atem
286 1794 410 1883 atqueb
431 1801 666 1865 incentivum²
686 1801 890 1865 inexorabili
906 1800 985 1864 odio
1001 1800 1254 1876 insectabatur;
1280 1804 1315 1864 et

197 1889 259 1951 nisi
291 1889 500 1972 pontificalis
530 1889 678 1953 nominis
709 1890 901 1954 reverentia
931 1893 966 1952 et
997 1889 1082 1953 fides
1109 1888 1313 1971 principum,

197 1997 282 2058 quae
312 1979 349 2040 in
380 1978 556 2042 deditione
586 1979 861 2053 intercesserat⁰‚
893 1978 1081 2052 obstarent,
1110 1977 1217 2039 vitam
1242 1977 1315 2041 eius

193 2086 253 2147 per
284 2087 402 2130 omnes
433 2067 606 2131 cruciatus
637 2067 834 2131 extorsisset
845 2068 865 2129 ³.
913 2066 1017 2129 Hunc
1048 2061 1224 2149 Rirperto⁴¹
1253 2066 1314 2129 Ba·

190 2152 423 2237 benbergensi
446 2156 606 2239 episcopo
630 2156 834 2219 servandum
852 2155 1054 2228 crediderat,
1079 2153 1176 2218 velut
1200 2157 1316 2236 preter

136 2248 348 2307 zocaeteros
378 2244 566 2307 familiares
596 2265 675 2307 suos
706 2244 848 2307 immitis
875 2265 915 2307 ac
938 2243 1063 2307 ferocis
1087 2243 1219 2325 ingenii
1242 2244 1314 2306 viro

180 2334 226 2393 et
250 2352 336 2414 erga
359 2353 395 2396 se
418 2333 473 2394 in⁰
503 2333 654 2396 adversis
678 2333 779 2396 rebus
803 2335 979 2416 spectatae
1003 2352 1083 2414 sepe
1108 2332 1198 2395 fidei.
1246 2331 1315 2396 Sed

180 2424 386 2502 postquam,
411 2421 587 2484 inclinatis
612 2421 656 2483 ad
680 2421 910 2485 defectionem
935 2420 1158 2503 principibus,
1187 2421 1313 2484 iterum

177 2509 292 2572 novis
316 2529 386 2573 rem
410 2509 584 2593 publicam
609 2508 874 2592 tempestatibus
905 2509 1001 2590 quati
1025 2509 1168 2592 aspexit,
1201 2530 1315 2592 quam·

176 2596 243 2659 vis
269 2597 422 2661 custodis
440 2597 642 2680 diligentiae
666 2619 736 2662 non
755 2597 940 2674 diffideret,
965 2598 1095 2661 veritus
1119 2602 1245 2670 tamen,
1271 2619 1314 2661 ne

125 2706 164 2746 ι’»
180 2685 285 2749 forte
310 2686 516 2769 subrepente
540 2707 601 2769 per
623 2686 712 2749 hanc
738 2707 867 2749 moram
886 2685 1100 2769 negligentia
1123 2686 1254 2768 aliquid
1277 2687 1315 2748 in

184 2794 233 2838 eo
257 2775 309 2837 vis
334 2768 409 2838 vels
431 2775 527 2838 fraus
550 2774 709 2838 hostiliae
736 2778 945 2857 operaretur,
971 2775 1014 2837 ad
1039 2774 1210 2857 palacium
1235 2795 1313 2838 eum

187 2864 372 2927 (euocauit4
396 2867 430 2927 et
454 2864 503 2927 ibi
526 2885 618 2927 nunc
642 2864 734 2927 inter
757 2864 960 2927 camerarios
984 2884 1073 2937 suos,
1108 2884 1199 2925 nunc
1223 2864 1315 2925 inter

189 2945 314 3015 cocosh
335 2955 370 3016 et
394 2953 617 3035 coquinarum
634 2945 836 3034 spurcicias¹
856 2952 1096 3035 indignissimo
1120 2951 1196 3014 loco
1220 2950 1314 3012 habi·

191 3043 269 3102 tum
293 3040 357 3104 sub
377 3041 471 3103 omni
488 3040 670 3122 diligentia
689 3041 856 3104 custodiri
879 3041 974 3115 fecit,
1000 3041 1108 3103 donec
1133 3042 1203 3101 tam
1228 3038 1313 3101 fera·

134 3127 284 3192 nolibus
320 3129 407 3192 odiis
443 3133 640 3213 competens
675 3130 816 3193 exilium
851 3129 1072 3211 excogitaret.
1120 3126 1204 3188 Erat
1239 3126 1314 3207 ipso

191 3221 348 3300 ternpore
379 3218 472 3301 apud
502 3239 617 3300 regern
645 3238 740 3282 soror
763 3218 866 3293 eiust
898 3237 984 3280 uxor
1008 3214 1199 3278 Salomonis
1223 3213 1397 3294 regna...)

192 3305 435 3388 Ungariorum,
461 3327 561 3386 quam
579 3307 723 3369 maritus
739 3327 845 3388 regno
862 3302 1033 3386 expulsus,
1059 3303 1141 3365 dum
1158 3302 1194 3364 in
1210 3302 1314 3363 armis

192 3397 227 3457 et
251 3394 433 3476 procinctu
457 3399 555 3466 esset,
587 3417 755 3478 nusquam
786 3393 899 3456 tucius
923 3412 1026 3473 quam
1053 3390 1146 3473 apud
1169 3390 1314 3452 fratrem

192 3504 331 3546 manere
367 3483 593 3560 iudicaverat,
630 3484 738 3548 donec
769 3482 981 3563 recuperato,
1018 3481 1047 3542 si
1081 3479 1154 3543 fieri
1187 3480 1312 3561 posset,

152 3592 300 3653 aaregno
328 3573 365 3633 in
395 3572 610 3636 iocunditate
642 3572 773 3655 perfrui
797 3569 957 3651 coniugio
980 3569 1111 3634 liceret.
1159 3566 1313 3650 Cumque

193 3664 272 3742 post
297 3661 445 3722 multum
470 3661 538 3723 iam
563 3665 698 3744 tempus
729 3660 773 3722 ad
797 3659 960 3722 maritum
991 3658 1028 3721 in
1052 3658 1177 3720 finibus
1202 3656 1314 3739 Uaga-

193 3748 264 3812 riae
296 3753 564 3813 commorantem
588 3750 698 3813 redire
723 3753 869 3832 pararet,
900 3768 961 3811 rex
984 3739 1211 3830 oportunamk
1239 3766 1314 3808 eam

193 3837 392 3911 arbitratus,
424 3859 512 3920 quae
543 3837 758 3901 crudelitatis
789 3837 892 3899 huius
923 3856 1064 3900 munere
1099 3837 1313 3916 fungeretur,

193 3991 216 4037 a)
230 3992 419 4032 Halbcrstatensis
434 3993 482 4031 al.
498 3992 545 4030 Ar.
608 3991 630 4033 b]
645 3991 677 4029 bic
691 4001 732 4029 scr.
747 3991 807 4029 1⁹1⁸.
872 3992 892 4036 c)
907 3990 1123 4030 interceseratBlt.
1179 3987 1201 4033 d)
1216 3987 1315 4035 Ruperto

158 4046 307 4084 40AhBl.
363 4045 482 4096 oetan.
537 4045 665 4092 ocrim.
720 4047 743 4093 g)
759 4043 858 4083 hostialia
874 4043 920 4081 Bt.
986 4041 1166 4090 mcoqnmssa.
1221 4041 1237 4090 i)
1251 4051 1315 4088 spur·

194 4099 254 4137 cleiis
268 4099 345 4137 Β1,2.
401 4098 425 4149 k)
439 4103 573 4148 oportunum
587 4099 635 4138 152.

195 4204 566 4272 1)0f‚1)elprpcpp‚573q‚
630 4204 714 4269 ¹2)(⁷J'.
733 4219 817 4270 stupra
834 4204 938 4270 p.148.
956 4204 1009 4254 2⁴28
1022 4217 1060 4266 aq.
1128 4200 1156 4264 3)
1168 4200 1211 4261 Cf.
1230 4215 1315 4265 surpra

192 4294 219 4342 p.
233 4278 277 4341 93,
297 4294 324 4331 n.
336 4281 362 4330 ἱ).
434 4277 463 4341 4)
483 4277 552 4327 Nota
572 4277 713 4327 Bucromm
733 4273 830 4337 cynodo
847 4273 1036 4325 Wormnn'enct'
1052 4272 1094 4323 ‹ie'e
1110 4270 1170 4324 lan.
1183 4274 1227 4325 24.
1246 4285 1315 4321 asee-

194 4347 272 4402 dr‘cee.
348 4348 375 4413 5)
393 4348 486 4398 Iudith
504 4346 640 4413 (Sophia).
