2842 5026
136 385 189 438 144
410 378 612 434 LAMPERTI
630 378 819 435 ANNALES.
857 381 892 436 A.
914 384 992 438 1023.

49 546 126 654 ¹322·
137 565 197 629 bat
213 564 390 647 effugium,
415 583 486 626 rem
503 562 646 626 consilio
661 563 752 646 regis
768 563 934 646 permisit,
954 567 1134 647 quatenus.
1153 579 1228 649 prout

136 654 209 737 ipse
240 653 368 716 bonum
404 656 439 716 et
474 672 597 733 equum
634 650 818 726 iudicaret,
855 673 994 716 causam
1029 652 1122 716 inter
1153 674 1182 719 se
1204 666 1229 724 et

137 742 433 825 archiepiscopum
457 739 669 803 terminaret.
716 740 786 803 Diu
809 741 918 823 igitur
947 741 1073 804 habita
1096 740 1231 811 delibera·

137 831 231 894 tione
261 830 298 892 in
328 830 417 892 hanc
446 829 587 891 tandem
617 828 811 911 pactionem
843 830 1018 893 mediante
1050 849 1129 912 rege
1151 831 1232 900 abbas

137 924 173 982 et
197 918 474 1002 archiepiscopus
498 921 753 993 consenserunt,
786 921 826 979 ut
849 918 956 982 abbas
986 918 1023 981 in
1048 917 1162 982 decem
1183 925 1251 988 suisa

139 1007 363 1071 decimalibus
394 1005 568 1069 aecclesiis
599 1006 684 1068 duas
715 1008 830 1089 partes
859 1007 1086 1075 decimarum.
1116 1008 1233 1075 terciam

138 1096 415 1178 archiepiscopus
446 1094 625 1176 acciperet,
657 1094 694 1157 in
718 1094 880 1177 reliquis⁸
906 1115 988 1160 vero
1012 1088 1107 1159 eiusb
1134 1098 1234 1164 aeccle

138 1184 196 1247 siis
221 1183 364 1246 dimidia
386 1182 515 1257 abbati,
548 1182 691 1245 dimidia
714 1183 971 1267 archiepiscopo
999 1184 1234 1266 contingeret‘;

137 1273 198 1336 ubi
221 1292 302 1335 vero
326 1271 491 1336 aecclesia
516 1270 692 1334 decimalis
720 1272 860 1355 propria
883 1272 1134 1356 archiepiscopi
1157 1278 1233 1352 esset,

138 1364 214 1424 tota
236 1361 309 1424 illic
333 1361 365 1424 ei
389 1359 522 1424 decima
545 1359 699 1433 cederet;
732 1364 889 1443 preterea
912 1363 952 1423 ut
975 1381 1095 1425 omnes
1118 1361 1260 1427 domini-u

139 1444 250 1514 calesd
278 1448 528 1531 archiepiscopi
551 1452 675 1525 curtes,
706 1449 743 1511 in
766 1469 980 1531 quacumque
1005 1453 1121 1513 essent
1147 1471 1237 1533 parre

139 1539 226 1609 chia,
263 1538 306 1600 ob
337 1537 430 1600 omni
461 1536 599 1619 penitus
630 1537 841 1601 decimarum
876 1538 1056 1602 exactione
1091 1538 1238 1604 immunes

139 1629 328 1689 manerent.
368 1624 439 1688 Sub
463 1626 583 1707 iugum
607 1626 710 1689 misso
734 1626 860 1690 abbate
876 1626 1117 1700 Herveldensi‚
1141 1627 1239 1690 statim

138 1715 301 1797 Turingi⁰
323 1714 416 1777 omni
440 1734 499 1796 spe
523 1713 694 1797 adempta,
720 1716 872 1796 eoquod
895 1715 932 1777 in
955 1714 1051 1777 illius
1075 1715 1242 1798 prudentia
1283 1746 1285 1755 ·

140 1807 176 1868 et
210 1803 407 1885 eloquentia
442 1802 628 1885 plurimum
664 1803 811 1867 fiduciae
846 1803 912 1867 sibi
946 1803 1155 1887 posuissent,
1189 1825 1268 1868 nonu

139 1892 233 1955 ultra
262 1891 475 1963 restiterunt,
511 1891 571 1954 sed
602 1891 751 1955 decimas
781 1892 818 1954 in
847 1892 1017 1975 reliquum
1054 1892 1183 1975 absque
1207 1914 1243 1957 re

139 1980 347 2044 tractatione
386 1980 467 2043 dare
506 1979 652 2062 professi
690 1983 781 2043 sunt.
840 1980 1022 2044 Fuldcnsis
1058 1980 1165 2044 abbas
1200 1981 1245 2044 ali·

139 2069 278 2152 quantis
309 2071 429 2152 postea
459 2068 580 2132 diebus
610 2069 806 2132 obstinatus
833 2070 868 2131 in
893 2070 1071 2153 proposito
1096 2069 1245 2152 perstitit.

141 2158 208 2221 Sed
225 2179 303 2221 cum
319 2178 382 2221 nec
405 2157 496 2240 regis
519 2157 666 2239 gratiam
690 2158 843 2242 recipere
867 2178 930 2222 nec
954 2157 998 2221 ad
1015 2178 1078 2221 sua
1093 2158 1248 2221 redeundi

140 2246 316 2311 licentiam
347 2245 531 2329 impetrare
562 2248 686 2329 posset,
717 2247 784 2309 nisi
814 2247 850 2309 in
881 2267 1097 2311 communem
1129 2250 1275 2310 senten-a

140 2335 225 2398 tiam
255 2334 473 2405 concederet,
507 2335 649 2398 tandem
683 2355 798 2398 rerum
833 2335 1043 2399 difficultate
1079 2338 1250 2418 superatus

140 2424 185 2487 ad
209 2425 298 2486 hanc
322 2423 555 2486 conditionem
578 2443 648 2486 non
671 2426 743 2486 tam
763 2423 907 2488 consilio
930 2445 1033 2507 quam
1057 2423 1202 2507 imperio
1222 2426 1252 2486 et

141 2517 235 2576 metu
259 2511 349 2594 regis
366 2514 505 2575 coactus
521 2515 582 2586 est,
608 2514 707 2573 utin
732 2513 865 2576 cunctis
889 2512 1117 2576 decimalibus
1136 2511 1252 2575 aeccle

141 2601 199 2663 siis
230 2601 299 2662 suis
330 2604 462 2683 partem
495 2600 671 2663 dimidiam
704 2601 913 2665 decimarum
945 2594 1051 2684 ipsel,
1083 2600 1253 2663 dimidiam

141 2689 418 2772 archiepiscopus
442 2689 622 2772 acciperet,
655 2689 878 2753 dominicales
902 2693 1018 2754 autem
1043 2693 1161 2753 curtes
1184 2709 1285 2754 suasa

141 2779 231 2841 sicut
261 2778 539 2860 archiepiscopus
569 2798 686 2841 ornnes
717 2778 759 2841 ab
789 2779 882 2842 omni
910 2779 1119 2841 decimarum
1153 2778 1256 2841 reddi·

140 2867 236 2929 tione
272 2866 397 2930 liberas
431 2866 586 2929 haberet.
633 2860 741 2928 Tums
775 2888 848 2941 rex,
885 2868 995 2930 sciens
1031 2868 1141 2929 haut⁸t
1176 2867 1257 2930 bene

141 2954 314 3038 placitura
328 2955 483 3018 Romano
500 2955 656 3038 pontifici
680 2976 767 3037 quae
783 2959 882 3038 gesta
896 2956 1046 3027 fuerant,
1072 2955 1136 3019 sub
1161 2955 1259 3019 inter

141 3044 330 3107 minatione
361 3044 494 3126 gratiae
525 3063 606 3106 suae
636 3044 774 3125 utrique
804 3044 924 3107 abbati
949 3045 1112 3127 precepit,
1145 3047 1186 3106 ut
1208 3063 1259 3106 ne

141 3153 206 3214 que
237 3153 299 3215 per
322 3153 357 3196 se
381 3133 472 3216 ipsos
503 3153 614 3214 neque
641 3153 702 3215 per
726 3133 890 3196 nuncium
915 3153 1025 3216 neque
1049 3132 1118 3196 alio
1143 3132 1285 3214 quovisn

141 3223 243 3284 modo
267 3242 329 3304 pro
353 3220 586 3284 insimulanda
609 3213 750 3284 sinodoh
771 3221 995 3304 apostolicam
1020 3221 1136 3285 sedem
1162 3222 1261 3284 inter·

142 3313 323 3398 pellerent.

249 3401 364 3481 Atque
388 3391 454 3462 ita¹
486 3399 645 3462 omnibus
669 3419 756 3480 quae
780 3399 979 3463 intenderat
1003 3398 1261 3482 provoluntate

142 3490 280 3559 exactis,
307 3488 462 3551 concitus
485 3488 710 3570 Ratisponam
736 3488 925 3563 contendit,
951 3491 1108 3551 sanctum
1133 3486 1262 3570 pascha

141 3578 191 3640 ibi
226 3576 472 3640 celebraturus.
520 3575 674 3658 Cumque
708 3577 746 3639 in
782 3577 922 3640 civitate
953 3577 1136 3659 Augusta¹
1172 3576 1285 3639 diems

143 3665 334 3749 palmarum
358 3669 486 3747 ageret,
517 3659 729 3727 Rirdolfumk
757 3666 879 3728 ducem
904 3665 1093 3729 Suevorum
1117 3667 1155 3728 et
1178 3664 1263 3726 alios

21 3774 88 3813 narr.
97 3775 131 3812 ss.
142 3755 307 3837 quosdam
318 3754 338 3825 ²,
370 3754 430 3835 qui
464 3753 639 3816 sinistrum
675 3754 806 3836 aliquid
835 3757 955 3817 contra
984 3774 1056 3817 rem
1087 3752 1263 3836 publicam

142 3910 165 3953 ι)
179 3909 261 3957 relqula
275 3909 334 3948 131⁸.
390 3907 413 3957 b)
427 3919 469 3947 orn.
480 3907 532 3948 Bt.
586 3908 607 3958 r)
621 3911 749 3959 contingere
764 3908 825 3949 aab.
880 3906 904 3958 d)
918 3909 1035 3947 decimales
1048 3906 1109 3947 ⁸1¹².
1159 3910 1181 3951 e)
1195 3907 1263 3946 Thur.

143 3961 259 4003 naam.
321 3961 415 4011 0'l'unc
429 3961 489 4001 arb.
551 3962 575 4012 κ)
590 3963 648 4000 hand
663 3966 681 4001 A
691 3966 710 4001 1.
726 3964 771 4002 132.
833 3962 856 4005 hl
870 3974 918 4012 syn.
935 3964 981 4001 Al.
997 3959 1087 4000 Bl.³h.
1142 3959 1159 4003 ll
1174 3961 1197 3999 ln
1212 3960 1263 3998 add.

143 4017 188 4058 Bt.
242 4015 266 4066 k)
280 4013 400 4054 liudolfum
416 4016 463 4055 Ar.
478 4016 541 4066 Bl⁸;
556 4016 682 4054 lindoinum
697 4017 744 4055 132.
1272 4017 1285 4053 t

99 4195 131 4204 „.
143 4143 170 4205 l)
189 4141 273 4191 Imsao
292 4140 431 4206 Bihatatts‘,
451 4146 481 4189 ut
496 4141 594 4206 promel
610 4140 689 4191 dubio
707 4146 774 4191 recte
792 4140 888 4193 habent
906 4142 978 4192 Ana.
993 4139 1084 4194 Altae.
1101 4155 1129 4205 p.
1142 4139 1188 4192 85.
1220 4137 1262 4199 Os.

142 4212 249 4277 Kalen,
269 4211 409 4262 ‘itinerar'
425 4227 453 4277 p.
467 4214 502 4266 57
514 4227 552 4277 eq.
615 4214 642 4276 2)
662 4212 836 4263 Berhtoldum
854 4212 943 4262 dictem
957 4210 1116 4262 Corinthiae
1134 4208 1264 4264 occulam-

142 4284 220 4415 33,πᾶ
235 4282 331 4420 21ιῖιῶ
341 4298 370 4347 p.
389 4283 432 4337 85.
471 4283 549 4346 stem
569 4283 665 4350 lamp.
684 4285 793 4348 cecitate
812 4283 858 4334 hoe
876 4282 928 4334 Ioco
946 4282 1064 4333 ornabas
1082 4281 1205 4341 videtum
1229 4280 1262 4342 cs.
