2842 5026
388 391 587 447 LAhIPERTI
604 390 792 446 AXNALES.
828 390 864 446 :h
883 394 962 448 lora
1186 397 1240 450 ⁸209

135 576 362 640 communione
382 575 477 639 omni
495 576 616 639 modol
635 575 824 638 abstineret
845 579 881 638 et
904 574 1161 657 promulgatam
1184 577 1240 639 ad·
1251 576 1329 629 1⁰²5·

137 680 240 728 versus
274 687 351 729 eum
387 664 594 748 apostolicae
632 663 995 728 excommunicationis
1030 648 1327 729 sententiam‘ffl

142 755 280 817 omnibus
303 754 483 817 Teutonici
512 751 609 835 regni
638 752 851 836 principibus
881 756 999 816 notam
1030 754 1171 825 laceret.
1203 760 1238 818 et

145 843 372 926 cumprimum
396 842 626 906 conficiendae
654 842 704 905 rei
727 841 893 925 temporis
915 843 1136 925 oportunitas
1159 845 1239 906 arri·

130 933 233 1009 suaset,
263 931 368 994 alium
399 951 460 1015 pro
491 951 531 995 eo
554 930 898 1012 Babenbergensibus
928 932 1128 1015 episcopum
1151 932 1239 996 ordi·

147 1025 233 1086 naret.
266 1019 365 1098 Quod
388 1019 450 1082 ubi
464 1019 741 1101 Babenbergensi
763 1019 925 1102 episcopo
940 1024 1156 1103 compertum
1175 1025 1237 1086 est.

146 1110 253 1176 nullam
283 1109 443 1193 deinceps
473 1129 568 1192 spem
597 1108 663 1171 sibi
691 1107 860 1190 reliquam
889 1109 957 1171 uisi
986 1110 1024 1171 in
1054 1109 1239 1173 clementia

146 1198 266 1264 Romani
289 1197 461 1281 pontificis
483 1197 558 1260 fore
575 1200 681 1269 ratus,
705 1196 886 1260 conductis
910 1198 969 1280 qui
986 1218 1124 1262 causam
1140 1219 1238 1261 suam

146 1288 218 1373 apud
238 1287 350 1350 sedem
374 1285 596 1369 apostolicam
620 1285 757 1349 dicendi
780 1289 854 1350 arte
877 1289 1068 1355 tuerentur,
1093 1287 1237 1350 Romam

125 1375 278 1462 sperrexit.
325 1374 392 1438 Sed
422 1374 568 1437 Romani
596 1374 769 1458 pontificis
798 1376 993 1438 constantia
1023 1379 1059 1439 et
1088 1376 1238 1439 invictus

142 1466 281 1529 adversus
304 1463 486 1527 avariciam
510 1463 643 1526 animus
666 1463 780 1526 omnia
804 1463 1011 1527 excludebat
1034 1469 1239 1547 argumenta

139 1554 289 1616 humanae
319 1552 489 1616 fallaciae.
535 1552 656 1614 Multis
679 1551 838 1619 lacrimis,
871 1553 991 1616 multis
1018 1553 1238 1637 supplicatio·

136 1641 230 1716 nibus,
255 1634 395 1704 multisb
415 1640 586 1704 rethorica
608 1644 681 1704 arte
705 1641 903 1724 compositis
927 1641 1237 1724 disceptationibus

134 1729 183 1792 rix
208 1730 270 1792 hoc
301 1728 411 1791 solum
441 1729 601 1804 obtinuit,
632 1732 673 1792 nt
702 1749 742 1792 ea
777 1731 979 1794 condicione
1014 1731 1236 1795 anathemate

130 1816 363 1894 absolveretur,
394 1820 571 1900 quatenus,
602 1817 663 1880 ubi
693 1818 861 1901 primum⁰
889 1819 927 1880 in
957 1819 1104 1901 patriam
1134 1820 1236 1883 redis·

128 1902 206 1979 aeti,
242 1906 485 1969 monasterium
518 1907 756 1988 ingrederetur
793 1910 897 1989 atque
931 1907 981 1970 ibi
1020 1908 1181 1992 deinceps
1216 1929 1237 1971 a

126 1996 252 2059 cunctis
281 1996 318 2057 in
346 1998 567 2079 perpetuum⁰
596 1994 703 2058 seculi
733 1995 869 2058 actibus
898 1996 1044 2059 feriatus
1071 1997 1236 2060 scandali·

126 2087 229 2146 zatam
261 2105 323 2146 sua
346 2083 531 2147 ambitione
561 2083 762 2147 aecclesiam
785 2084 891 2167 digna
919 2085 1156 2150 satisfactione
1181 2086 1235 2150 de·

125 2168 216 2236 fleret
228 2173 247 2233 ¹.
295 2172 352 2235 Ita
385 2193 557 2255 regressus
590 2173 628 2234 in
662 2173 818 2256 patriam,
855 2194 933 2236 cum
968 2175 1060 2237 iussa
1089 2175 1236 2237 Romani

125 2261 290 2342 pontificis
324 2260 498 2324 retulisset
533 2261 577 2323 ad
611 2261 739 2325 milites
774 2282 862 2338 suos,
899 2263 1024 2344 quibus
1053 2284 1090 2327 se
1125 2263 1236 2326 multa

125 2345 304 2432 largicione
343 2350 527 2412 admodum
565 2350 764 2473 popularem
804 2356 1052 2435 acceptumque
1093 2352 1234 2427 fecerat,

125 2438 338 2502 vehementer
360 2439 561 2502 restiterunt
588 2491 594 2513 ,
623 2439 900 2520 indignissimum
924 2440 998 2504 lore
1022 2441 1175 2505 dicentes
1200 2444 1236 2504 et

125 2526 214 2589 nulla
242 2530 334 2590 retro
369 2528 534 2590 maiorum
569 2528 733 2590 memoria
767 2528 803 2590 in
837 2528 1012 2592 aecclesiis
1043 2528 1233 2592 Galliarum
1245 2552 1339 2599 fraer.
1347 2553 1406 2597 rar.

125 2615 182 2678 hoc
206 2616 379 2691 accidisse,
403 2619 444 2678 ut
467 2617 539 2679 sine
563 2616 703 2699 publica
726 2617 905 2680 audientia
928 2621 964 2681 et
987 2618 1152 2682 canonica
1171 2619 1235 2681 dis·

125 2705 283 2780 russione
315 2705 405 2786 quod
428 2725 491 2768 nec
514 2705 641 2767 infimis
664 2704 802 2787 quidem
826 2705 991 2788 gradibus
1014 2709 1233 2789 competeret,

125 2793 296 2877 episcopus
312 2793 555 2875 deponeretur3
579 2815 649 2856 non
672 2794 761 2857 hanc
785 2795 954 2876 privatam
978 2794 1073 2858 illius
1096 2816 1169 2858 esse
1187 2795 1234 2856 in-

125 2881 254 2957 turiam,
297 2882 341 2943 ad
383 2902 597 2945 communem
638 2883 756 2965 pocius
795 2886 950 2966 spectare
989 2882 1234 2946 contumeliam

125 2971 279 3045 annium,
305 2970 362 3052 qui
386 2970 535 3033 tuendae
552 2970 848 3053 Babenbergensis
868 2970 1054 3036 aecclesiae
1071 2970 1235 3052 dignitati

125 3078 255 3142 ›peram
279 3080 374 3121 suam
398 3058 563 3123 deberent
587 3062 622 3122 et
646 3060 719 3123 eius
742 3060 902 3143 episcopo
926 3059 989 3122 sub
1013 3058 1234 3121 iureiurando

125 3148 218 3211 idem
243 3148 423 3224 dixissent;
449 3151 484 3211 et
506 3148 585 3211 ideo
609 3152 761 3212 extrema
779 3148 895 3210 omnia
918 3148 1012 3230 prius
1036 3151 1091 3210 se⁰
1121 3165 1234 3228 exper-

125 3256 212 3299 mros
235 3256 316 3311 esse,
342 3257 442 3317 quarn
468 3239 639 3299 servatum
664 3236 707 3298 ad
731 3257 793 3298 sua
815 3239 972 3318 tempora
994 3234 1089 3296 illius
1109 3233 1235 3296 aeecle-

125 3324 185 3387 siae
217 3325 379 3387 honorem
410 3325 561 3388 sinerent
591 3324 768 3387 fedissirno
799 3324 864 3386 hoc
893 3322 1049 3404 exemplo
1073 3321 1234 3385 contami-

124 3413 201 3475 1ari.
257 3413 323 3475 His
357 3412 417 3476 ille
452 3413 625 3496 promissis
664 3412 851 3487 animatus,
889 3411 1049 3491 neglecto
1088 3410 1235 3472 Romani

125 3502 287 3584 pontificis
311 3502 459 3578 decreto,
484 3501 689 3582 Babenberg
712 3499 824 3575 rediit,
855 3498 972 3580 ibique
997 3497 1076 3560 IIII
1100 3497 1155 3561 vel
1179 3497 1232 3560 Vg
1244 3518 1326 3569 (aare)

126 3663 136 3735 t
155 3692 244 3730 omnino
264 3690 354 3739 arba
376 3691 404 3737 cs,
421 3702 490 3739 supro
505 3702 530 3739 p.
544 3692 591 3737 201,
610 3691 623 3732 l.
639 3691 671 3731 12.
735 3690 757 3737 b)
776 3689 852 3728 multis
867 3709 893 3718 —
912 3688 1113 3737 disceptationibus
1133 3699 1174 3730 ons.
1188 3689 1233 3730 aa.

127 3743 268 3845 gssmqngillilk
311 3742 334 3791 d)
350 3743 453 3793 rediJsset
468 3744 512 3785 112.
554 3748 575 3791 a)
590 3745 613 3782 in
629 3755 689 3792 perp.
705 3755 746 3785 cnr.
760 3743 806 3784 Ba.
847 3742 1001 3790 Orestltuerc
1015 3741 1074 3784 Blb.
1122 3744 1144 3790 g)
1158 3742 1234 3780 sorve}

125 3946 140 4003 ⁸)
161 3940 257 3990 (amia
275 3939 338 3989 llaec
355 3945 498 3990 ‹eornmenta
516 3945 587 3992 escrit.
624 3939 737 3989 Minime
756 3937 942 3988 llerdrnsnaus
959 3942 1023 3986 trans
1040 3937 1153 3987 Roranam
1168 3949 1235 3999 pro-

125 4012 196 4060 'ecre
215 4016 259 4073 cat,
287 4011 331 4060 aed
350 4010 435 4060 eodem
454 4016 568 4075 ternpore
585 4010 689 4074 (Apta),
709 4025 761 4074 quc
780 4008 935 4072 Srpefriclas
953 4007 992 4057 ihi
1009 4011 1075 4067 erat,
1100 4010 1130 4053 ut
1148 4020 1235 4068 stc-prs

125 4099 137 4134 ν.
152 4083 213 4144 208,
233 4097 259 4134 n.
276 4085 298 4134 1.
319 4081 452 4144 (aesdnotore‘,
473 4096 501 4131 eo
515 4081 690 4146 profecturus
709 4081 835 4129 arcarium
849 4079 1038 4143 praemiserat,
1057 4077 1106 4139 qui
1118 4075 1234 4138 pecunia

125 4169 211 4217 rayno
231 4153 317 4215 effuso
330 4167 439 4201 ceresam
454 4153 542 4216 ipsius
560 4157 687 4211 tereretur,
705 4150 750 4199 sal
762 4148 842 4198 hiduo
854 4163 872 4197 a
884 4147 970 4197 Roma
983 4145 1126 4196 subsistens
1138 4145 1235 4194 certior

125 4224 209 4283 iratas,
235 4224 300 4287 preld
326 4223 364 4271 ihi
387 4222 429 4271 die
447 4225 515 4287 Apr.
531 4225 571 4275 12.
591 4222 622 4271 de
639 4236 720 4270 coccea
748 4221 833 4283 ipsius
852 4222 1028 4279 adamasset,
1050 4230 1171 4267 resersus
1189 4219 1233 4267 eal.

125 4296 242 4356 {reperii
260 4294 321 4358 Itep.
343 4293 399 4356 III,
412 4297 437 4356 3,
457 4293 473 4346 l.
488 4293 504 4346 Ι,
520 4309 549 4357 p.
563 4295 634 4351 ⁸206:
660 4290 721 4343 Cod.
741 4288 833 4342 Udalr.
852 4303 896 4340 nr.
910 4289 953 4351 44,
973 4287 989 4340 l.
1004 4287 1020 4340 l.
1036 4304 1065 4353 p.
1080 4290 1131 4347 95,·
1153 4285 1236 4336 Punls'

125 4365 253 4418 'teraricd
279 4365 339 4414 l'e'ls
361 4366 487 4428 Gregorii
505 4364 568 4417 VII.
588 4379 607 4415 c.
621 4364 665 4415 43.

984 4466 1019 4519 14

1253 4586 1375 4688 Δ
