2842 5026
509 528 729 585 PRAEFATIO
748 529 830 587 c.11.
1126 530 1230 587 XXIII

112 710 221 773 Vitam
245 711 330 776 barse
353 711 610 777 conscribemlom
637 713 799 792 addustns,
831 711 944 792 qaibns
969 712 1111 791 sontibus
1134 713 1170 778 in
1192 735 1230 778 ea

104 801 324 880 cormponemla
346 821 424 864 asns
445 800 496 863 sit.
544 800 635 864 Haec
658 799 798 881 capania
820 802 860 865 ab
883 800 952 882 ipso
967 801 1138 882 Lampato
1161 823 1230 868 con-

104 887 227 968 scripta
250 909 316 953 esse
339 889 387 953 sel
410 908 499 954 caeco
516 888 637 970 patebit
648 889 668 951 ¹.
704 889 748 952 Et
764 888 800 953 in
816 888 866 953 bis
885 890 981 954 malta
1005 890 1112 955 acrins
1135 911 1230 971 qnam

106 976 141 1040 in
172 976 292 1041 codicis
320 977 511 1059 antoyrapbi
540 976 687 1041 extremis
717 977 872 1058 capitibus
898 978 934 1042 in
961 979 1130 1043 monachos
1153 980 1231 1043 Fal-

82 1066 228 1145 sdenses,
252 1065 393 1130 aemulos
413 1065 536 1146 alariae
557 1064 661 1130 saneti
676 1065 776 1146 Inrlli,
802 1065 939 1131 innectas
958 1073 1012 1130 est.
1047 1067 1141 1131 Patet
1163 1066 1230 1132 iam

105 1174 193 1217 rcccrcc
218 1160 293 1234 post
323 1153 458 1219 codicem
486 1153 717 1234 aotoarapbam
743 1162 760 1219 1
784 1155 918 1220 alteram
947 1155 1179 1236 anteorapbnm
1208 1178 1231 1220 a

104 1242 281 1323 Lamperto
297 1263 381 1324 pare
400 1242 589 1323 descm'ptnm
611 1263 684 1322 esse,
709 1242 745 1307 in
768 1263 828 1323 qno
851 1249 879 1306 et
901 1249 1040 1307 entrema
1063 1244 1169 1324 capita
1192 1247 1230 1309 (le

104 1329 276 1395 miraculis
307 1331 341 1396 S.
371 1329 462 1394 Inclli
493 1330 644 1395 adiecerit
673 1337 701 1394 et
730 1331 844 1395 iterans
873 1333 1028 1412 abacelam
1055 1353 1231 1397 sermonem

104 1419 293 1499 exmlienclo
323 1417 507 1498 caraem,
539 1440 619 1501 arcae
649 1440 801 1484 consensa
831 1419 971 1484 coelicam
994 1422 1082 1485 2a.b
1106 1441 1229 1503 caonas-

70 1510 255 1576 nmina-ri
306 1507 435 1573 Codices
457 1506 591 1571 alterins
612 1507 805 1572 recensionis
827 1514 920 1572 sant:

216 1599 285 1679 2a)
329 1595 598 1660 Treverensis
635 1595 836 1661 bibliothecae
874 1595 1011 1661 civitatis
1048 1618 1099 1661 nr.
1133 1602 1228 1678 1151,

106 1681 322 1763 col.1V(=
348 1687 443 1767 965),
473 1684 600 1749 ntembr.
624 1684 681 1763 fol.
710 1705 811 1765 man,
842 1705 923 1749 saec.
949 1685 1065 1765 XIII,
1097 1691 1230 1766 quartas

105 1779 209 1838 tornns
243 1773 355 1857 manni
392 1772 569 1854 leyendarii
604 1773 637 1838 S.
662 1772 843 1838 Maximini
881 1773 1096 1854 Treoerensis,
1140 1773 1231 1838 Vitas

104 1868 292 1927 sanctornm
306 1861 424 1928 scilicet
438 1861 556 1926 mensis
575 1861 717 1926 Octobris
732 1862 904 1942 continens,
928 1862 1012 1926 inter
1027 1881 1107 1943 qaas
1121 1862 1145 1941 fi
1162 1867 1224 1925 66Β

69 1956 241 2014 1s-750.
266 1951 372 2016 Vitam
395 1950 485 2014 Lnlli
513 1950 686 2031 inlearam,
714 1957 775 2014 164
799 1950 950 2030 foliorum
973 1953 1096 2015 (licabns
1119 1951 1229 2015 colam·

108 2039 161 2103 nis
183 2045 399 2120 exaratorum,
428 2038 543 2103 bitteris
565 2038 691 2120 maqnis
713 2038 894 2104 initialibus
909 2039 1044 2121 palebre
1067 2039 1228 2121 (lepictisl⁸

216 2129 277 2211 21)
307 2127 587 2208 Erlanaensis
617 2127 817 2192 bibliothecae
846 2126 1066 2192 universitatis
1096 2147 1146 2191 nr.
1165 2133 1226 2191 321

108 2213 221 2291 (antea
238 2219 330 2299 268),
353 2216 481 2280 rnencbr.
497 2216 554 2295 fol.
570 2215 659 2296 min,
683 2237 764 2281 saec.
780 2216 891 2297 XIII,
916 2215 992 2280 olim
1012 2214 1102 2280 ‘iiber
1123 2221 1230 2281 sancte

108 2304 173 2368 Dei
194 2304 361 2385 qenitricis
386 2303 523 2385 oiryinis
546 2304 658 2368 Marie
687 2303 723 2368 in
751 2304 942 2369 monasterio
964 2303 1229 2368 Fontis-salutis

69 2392 156 2457 sorel
180 2392 459 2474 ‘Halesbrnnnen',
490 2392 546 2473 qai
569 2392 659 2456 Vitas
683 2394 716 2457 S.
733 2392 899 2472 Bonifatii
928 2399 1010 2457 anct.
1039 2391 1172 2457 Otblono
1201 2399 1230 2457 et

109 2480 338 2563 dissimilornm
353 2481 429 2561 eins,
448 2480 579 2561 Starmi,
595 2481 791 2562 Barcbareli,
809 2481 899 2546 Inclli
914 2481 940 2560 f.
956 2480 1119 2563 78¹-89‘,
1144 2482 1229 2564 Wia·

109 2569 198 2650 berti,
228 2569 386 2651 Greaorii,
411 2571 543 2651 Leobae,
569 2569 735 2634 continet⁴.
783 2571 847 2634 Seel
871 2570 962 2634 Vitae
985 2569 1075 2634 Imlli
1098 2569 1230 2634 alterins

109 2658 304 2722 recensionis
326 2664 448 2722 tantam
471 2658 576 2740 capita
602 2664 719 2722 1-18.
738 2660 869 2740 praebet
878 2659 899 2739 ⁶,
927 2657 1053 2722 omissis
1075 2658 1230 2739 capitibus

111 2752 253 2826 19-27,
285 2746 322 2811 in
348 2746 460 2828 qnibns
482 2747 582 2811 multa
604 2746 640 2811 in
664 2746 820 2812 invidiam
842 2747 1067 2812 monachornm
1090 2748 1229 2811 Fnlden·

69 2835 193 2900 sssr'ron
217 2836 302 2900 clieta
324 2836 397 2899 sint.

217 2925 364 2989 Alteram
386 2925 469 2990 banc
491 2924 704 2989 recensionem
731 2925 922 3007 Lampertns
948 2924 1015 2987 iam
1038 2924 1227 3004 perfecerat,

106 3034 179 3076 cnm
203 3034 234 3075 a.
255 3017 350 3075 1074.
374 3012 513 3077 libellam
543 3015 580 3077 ‹te
608 3012 806 3077 institutione.
830 3012 1055 3076 Heracliensis
1084 3011 1230 3077 ecclesiae

106 3101 325 3182 conscriberet,
350 3101 508 3166 samiam
531 3101 567 3166 in
590 3123 628 3166 ea
650 3101 837 3183 repetiverit,
861 3122 941 3182 qnae
962 3101 1000 3166 in
1015 3100 1229 3165 additamento

107 3189 304 3255 recensionis
327 3194 357 3252 2.
382 3189 472 3255 Vitae
495 3189 585 3254 Lolli
608 3189 764 3254 disserat¹³.

68 3396 96 3434 ³0
108 3384 137 3446 1)
160 3381 226 3432 Vide
244 3398 311 3447 qnae
328 3383 441 3447 mposui
458 3382 501 3435 ίΝ.
516 3381 626 3432 Arcbio'
644 3381 725 3445 XIX,
744 3382 811 3445 fasc.
825 3385 850 3436 3.
901 3383 929 3446 2)
948 3381 1094 3431 Laelionam
1112 3382 1229 3431 codicum

106 3453 185 3506 ‘lab
201 3452 237 3503 ab
256 3456 270 3507 1
289 3453 454 3517 differentem
472 3458 520 3503 ant
538 3454 568 3502 in
586 3458 687 3504 tentum
710 3454 802 3518 recepi,
829 3469 888 3503 cam
911 3453 988 3502 nulla
1003 3452 1139 3503 'dubitatio
1161 3451 1231 3502 mibi

106 3530 231 3586 restaret,
258 3524 324 3590 quin
343 3522 504 3588 Lamponius
529 3525 584 3590 ipse
606 3540 663 3575 canc
687 3525 924 3585 ennarrans,
950 3529 997 3574 ant
1023 3523 1120 3573 litteris
1146 3523 1230 3573 latins

105 3596 204 3661 poenis
229 3596 389 3659 insionitnm
415 3595 548 3647 adnotani.
620 3596 647 3652 31
666 3594 710 3657 Cf.
731 3593 855 3644 ‘Ambio'
880 3593 961 3659 VIII,
983 3612 1011 3660 p.
1025 3596 1086 3648 000.
1124 3593 1165 3643 De
1183 3593 1230 3644 boc

108 3665 262 3730 leocadorc'o
287 3664 344 3715 aida
369 3665 414 3718 ⁴N.
434 3664 543 3715 Arabia’
563 3663 593 3714 X
599 3664 682 3730 VIII,
707 3683 734 3731 p.
756 3667 808 3719 618
827 3682 881 3730 sqq.
918 3664 952 3714 In
978 3665 1025 3715 boc
1049 3664 1132 3715 codice
1155 3665 1230 3715 Vitae

69 3736 187 3787 schulsa·
207 3738 298 3801 capita
323 3752 375 3787 non
398 3737 485 3787 divisa
510 3742 585 3798 sunt,
610 3736 706 3801 ubique
731 3737 819 3786 tame
842 3735 956 3802 mrnplcoe
977 3751 1032 3800 pro
1050 3751 1082 3786 ae
1100 3737 1230 3800 scriptum

107 3813 154 3860 cst.
191 3807 282 3858 Multa
307 3807 407 3858 leviora
431 3807 526 3859 manda
549 3807 652 3857 scribae
676 3806 759 3857 baius
784 3808 873 3857 minus
897 3807 1011 3870 enasci,
1036 3822 1104 3872 qnae
1128 3806 1230 3856 nullius

109 3879 236 3928 »nomenti
264 3884 339 3943 sunt,
371 3880 401 3928 in
428 3894 458 3928 ca
486 3884 578 3945 parte,
607 3894 688 3944 qnam
715 3877 794 3928 coclea
824 3881 837 3931 1
863 3877 983 3944 praebet,
1014 3893 1066 3928 non
1094 3877 1229 3929 adnotari.

108 3950 137 4014 4)
155 3949 201 4012 Cf.
221 3948 269 4002 SS.
283 3948 322 4009 II,
337 3965 367 4015 p.
380 3951 441 4004 365.
461 3948 526 4014 XV,
542 3952 566 4014 1,
584 3966 611 4015 p.
625 3951 667 4002 37.
682 3950 725 4001 44.
739 3951 781 4002 65.
797 3951 855 4002 120.
910 3950 937 4012 5)
956 3947 1054 4012 Capita
1072 3963 1124 3998 non
1142 3948 1230 3998 diuisa

109 4025 172 4070 sent
193 4021 222 4070 in
234 4019 282 4070 boc
293 4021 383 4074 codice.
417 4020 523 4086 Ubique,
544 4022 657 4086 exceptis
668 4019 771 4070 arcobus
783 4019 855 4082 locis,
874 4020 929 4068 iam
948 4034 963 4069 e
979 4034 1032 4083 pro
1050 4034 1082 4069 ae
1100 4020 1230 4083 scriptum

71 4097 155 4152 west,
178 4106 372 4158 nonnunquam
391 4106 402 4142 s
420 4106 471 4158 pro
489 4106 516 4142 ss
534 4097 558 4141 et
576 4092 628 4141 occe
647 4106 722 4141 serso
741 4105 765 4140 ss
780 4105 835 4155 pro
853 4106 874 4151 s,
893 4096 921 4140 nt
940 4088 1081 4155 iusionem,
1105 4105 1229 4155 procesu,

110 4157 279 4229 subpomitis,
299 4178 366 4228 qnae
384 4164 462 4213 etiam
483 4163 512 4211 in
530 4162 595 4212 aliis
614 4161 695 4212 bitias
713 4162 810 4212 codccr's
828 4161 895 4211 ran
913 4166 1064 4213 occicrrnnt.
1137 4163 1163 4225 b)
1183 4159 1230 4210 ln-

110 4234 160 4294 fra
176 4251 204 4300 p.
218 4235 280 4295 347,
299 4233 316 4286 l.
332 4234 444 4287 19-21.
