2842 5026
350 425 552 481 LAMPERTI
570 427 759 483 ANNALES.
796 431 831 485 Δ.
852 433 928 487 1075.
1152 437 1203 490 241

80 610 276 673 servabant.
319 610 366 673 Et
382 615 402 673 ό
420 631 540 682 mores,
565 612 793 694 oternpora1!
819 617 839 675 ό
863 613 1199 679 abhominationem³
1214 581 1292 692 iffi

80 698 307 762 desolationis
338 702 488 763 stantem
518 699 553 761 in
584 699 670 771 loco,
702 700 762 762 ubi
792 722 861 764 non
885 702 1003 777 debet,
1036 706 1071 766 et
1102 725 1203 767 mam·
1215 702 1365 751 2222121*-

81 807 221 849 monam
252 788 377 850 nostris
406 788 619 871 temporibus
650 788 788 871 publice
812 790 987 854 sedentem
1012 791 1202 876 intemplo

82 873 150 938 Dei
182 880 218 939 et
246 877 470 940 extollentem
501 897 536 941 se
565 870 687 960 suprab
716 898 816 941 omne
840 879 931 959 quod
956 879 1084 942 dicitur
1108 880 1373 956 Deusamam.

60 970 145 1026 mut.
173 965 266 1046 quod
294 965 437 1028 colitur!
484 965 639 1028 Abbates
669 969 704 1029 et
735 967 894 1029 monachi
924 967 975 1030 ita
1005 968 1203 1033 ambitionis

82 1053 208 1135 spiritu
239 1053 422 1137 precipites
452 1053 686 1136 rapiebantur,
718 1057 758 1116 ut
782 1075 839 1119 eos
869 1077 890 1118 a
919 1056 1111 1139 cupiditate
1142 1065 1223 1120 sua'

82 1162 151 1203 non
176 1143 287 1225 pudor
310 1142 458 1206 nominis
482 1142 671 1217 christiani,
696 1163 765 1206 non
789 1144 929 1206 habitus
953 1145 1108 1208 artioris⁰
1130 1166 1202 1229 pro-

83 1231 202 1312 positi,
234 1252 303 1294 non
333 1232 445 1315 ipsum
470 1231 617 1312 denique
641 1231 832 1296 deterreret
861 1253 980 1296 recens
1008 1234 1203 1316 exemplum

84 1317 381 1401 Babeubergensis
397 1319 558 1402 episcopi,
584 1341 684 1401 quem
702 1319 812 1403 pridie
827 1321 986 1384 viderant
1006 1343 1073 1384 non
1099 1322 1203 1385 aliam

57 1427 76 1464 10
84 1407 126 1469 ob
144 1429 283 1471 causam
302 1411 338 1472 et
354 1408 555 1491 episcopatu
579 1408 751 1491 privatum
772 1412 807 1472 et
827 1410 1074 1485 communione,
1100 1432 1202 1492 quam

86 1498 174 1577 quod
199 1497 243 1559 ad
267 1517 402 1560 sacrum
425 1497 579 1560 ordinem
608 1496 733 1560 illicita
761 1497 947 1579 largicione
975 1499 1108 1561 aditum
1137 1500 1202 1563 sibi

10 1581 306 1649 amaricasset.
353 1585 487 1649 Horum
519 1586 769 1668 impudentiam
802 1606 863 1649 rex
892 1587 1201 1660 vehementissime,

88 1677 122 1735 ut
152 1675 297 1755 dignum
322 1678 405 1748 erat,
438 1675 640 1751 detestatus,
673 1695 750 1736 eum
775 1671 1198 1759 hincindeinrportu11e⁴¹

87 1762 352 1826 obtundentium
371 1763 528 1846 precibus
547 1766 738 1845 urgeretur,
763 1767 905 1846 repente
925 1764 1050 1839 divino,
1076 1769 1116 1827 ut
1135 1785 1201 1828 cre·

26 1850 187 1921 15ditur,
216 1852 341 1934 spiritu
371 1855 469 1915 aetus
499 1853 705 1915 monachum
735 1853 907 1933 quendam
930 1852 1201 1917 Herveldensem

84 1935 307 2002 litizelinume
336 1940 483 2015 nomine,
513 1940 572 2022 qui
596 1961 657 2022 pro
681 1961 784 2003 causa
807 1942 1005 2004 monasterii
1028 1941 1123 2004 iussu
1147 1943 1201 2005 ab·

82 2025 173 2091 batis
197 2029 319 2092 suiad
343 2033 475 2092 curtem
498 2032 648 2104 venerat,
678 2029 714 2090 in
737 2029 888 2093 medium
914 2033 1034 2093 evocat
1057 2034 1093 2093 et
1113 2031 1200 2093 nihil

76 2117 195 2179 minus
228 2118 431 2200 suspicanti,
464 2111 590 2181 etiamr
617 2118 816 2200 inopinatae
845 2118 894 2181 rei
925 2118 1090 2182 miraculo
1114 2139 1201 2201 pene

69 2207 233 2268 exanimi
263 2206 422 2269 baculum
454 2206 662 2288 pastoralem
693 2206 855 2281 offerens,
887 2206 1016 2288 primus
1044 2207 1117 2290 ipse
1146 2208 1201 2270 ab·

10 2308 53 2346 =⁰
65 2290 199 2358 batem
217 2295 324 2376 eligit,
350 2295 452 2358 deintt
471 2297 624 2358 caeteros
645 2298 718 2358 tam
737 2296 923 2358 monachos
939 2316 1041 2377 quam
1061 2295 1200 2372 milites

61 2386 113 2444 ut
141 2383 182 2444 in
200 2383 403 2446 electionem
421 2383 494 2446 eius
510 2384 737 2457 consentiant,
762 2383 886 2447 obnixe
903 2383 1076 2466 efflagitat
1087 2386 1107 2445 ².
1144 2385 1201 2447 Ita

58 2472 218 2534 cunctis
249 2472 307 2554 qui
342 2471 487 2534 aderant
520 2471 688 2534 letissima
719 2472 967 2536 acclamatione
997 2472 1200 2555 suffragium

56 2558 275 2623 ferentibus
310 2560 486 2623 abbatiam
521 2560 693 2642 suscipere
726 2560 877 2624 iubetur.
930 2561 977 2622 Et
1007 2581 1084 2623 cum
1116 2555 1197 2623 diuh

58 2669 172 2712 nunc
198 2648 409 2732 impericiam
433 2669 539 2722 suam,
564 2668 655 2711 nuuc
679 2649 806 2711 malam
821 2643 1083 2725 valitudinemi,
1108 2671 1200 2713 nuno

10 2753 47 2794 ts
62 2736 218 2800 abbatis
249 2737 302 2799 sui
330 2735 521 2800 absentiam
553 2740 714 2800 causatus
743 2736 942 2812 restitisset,
974 2739 1029 2800 vix
1059 2739 1200 2802 tandem

66 2824 268 2907 aliquando
292 2825 502 2909 presentium
535 2825 771 2907 episcoporum
801 2825 1036 2890 obtestacione
1067 2827 1200 2909 adiura-

66 2918 135 2976 tus
160 2914 334 2997 suscipere
358 2914 541 2978 consensit.
581 2913 757 2989 Similiter,
783 2914 948 2978 defuncto
972 2935 1082 2997 nuper
1098 2915 1329 2988 Udal-(mvao.

72 2996 173 3066 ricok
207 3003 332 3066 abbate
364 3002 406 3065 de
436 3002 613 3078 Loressan,
645 3022 723 3064 oum
753 3003 913 3066 monaehi
942 3005 978 3066 et
1005 3003 1134 3066 milites
1163 3004 1200 3066 in

75 3091 286 3154 electionem
327 3091 515 3173 prepositi³
548 3091 765 3154 concorditer
805 3091 948 3153 adunati
988 3091 1032 3153 ad
1067 3095 1199 3154 curtem

45 3180 265 3254 evenissent,
297 3199 407 3261 neque
438 3199 498 3242 rex
528 3178 630 3242 aliter
660 3199 820 3243 sensurus
849 3181 1032 3261 putaretur
1060 3182 1200 3261 propter

77 3267 193 3330 multa
223 3268 379 3344 servicia,
411 3267 535 3349 quibus
565 3267 639 3344 ille,
672 3268 753 3329 dum
783 3266 976 3349 prepositus
1000 3267 1198 3331 monasterii

79 3360 185 3427 esset,
222 3356 369 3438 gratiam
401 3355 690 3437 dilectionemque
720 3355 793 3418 eius
824 3355 979 3417 officiosa
1013 3355 1200 3417 admodum

79 3445 267 3508 sedulitate
296 3445 503 3517 redemerat,
533 3464 593 3507 rex
622 3444 729 3506 alium
752 3435 941 3524 quendam¹
973 3443 1126 3506 eiusdem
1150 3464 1199 3508 ce·

79 3534 177 3596 nobii
205 3533 410 3596 monachum
435 3532 662 3596 Adelbertum
687 3531 838 3607 nomine,
871 3531 1031 3612 quicum
1056 3533 1199 3595 caeteris

41 3622 247 3688 miratribus
271 3621 359 3683 nihil
382 3621 453 3685 tale
472 3621 633 3705 opinatus
657 3621 852 3696 advenerat,
876 3623 1019 3702 repente
1041 3620 1198 3684 iniectanl

81 3731 185 3773 manu
208 3711 243 3772 in
268 3710 419 3772 medium
439 3709 611 3792 protrahit
627 3713 663 3772 et
681 3709 730 3773 rei
754 3708 908 3771 novitate
932 3709 1083 3772 attonito
1100 3709 1198 3772 bacu-

78 3799 153 3861 lum
177 3798 394 3881 pastoralem,
420 3798 554 3861 cunctis
577 3797 806 3881 stupentibus,
830 3797 1008 3860 traditi-⁴.

78 3970 102 4019 s)
117 3970 215 4009 alioruin.
230 3972 250 4008 Δ
259 3973 278 4009 1.
340 3970 363 4018 b)
378 3980 443 4018 snper
457 3970 477 4007 B
486 3968 518 4008 1b,
534 3969 562 4008 N.
623 3970 643 4019 c)
657 3969 760 4008 arctioris
774 3970 826 4017 A1;
841 3969 932 4008 arcioris
946 3969 993 4008 Bl.
1052 3966 1076 4014 d)
1090 3972 1199 4016 oportune

79 4022 141 4062 ms,
197 4024 363 4070 mltuzelinum
379 4025 429 4070 Δις
445 4023 641 4073 ΙίῆτοΙιηιιωΒ2;
657 4022 859 4061 nasamonium.
908 4022 1080 4071 oetlsmBl.
1122 4019 1199 4069 g)de·

35 4074 232 4120 minaeum-e.
295 4076 318 4125 h)
334 4076 412 4128 duest)
426 4077 516 4114 deletum
530 4076 577 4114 Ba.
640 4076 656 4124 Ι)
670 4073 769 4114 valetud.
784 4085 856 4113 omnes
865 4079 956 4123 practer
969 4074 1027 4112 131⁰.
1091 4071 1197 4122 moda·

78 4130 127 4168 rico
142 4131 160 4167 A
170 4132 188 4168 1.
205 4129 264 4168 Blb.
320 4128 336 4178 1)
351 4130 446 4177 (puidam
462 4130 508 4169 132.
563 4127 594 4176 m)
608 4128 690 4168 iniectu
704 4129 763 4167 1³1⁸.
819 4129 842 4174 u)
856 4128 892 4166 ete
905 4134 984 4166 sancta
998 4137 1057 4165 snus
1074 4127 1126 4164 add.
1141 4124 1198 4167 Blh.

80 4255 107 4317 1)
120 4253 228 4304 Datum
239 4255 380 4313 Cimonis,
390 4253 412 4307 I.
424 4253 481 4307 Car.
492 4257 515 4316 1,
526 4256 551 4306 2.
606 4255 633 4318 2)
644 4252 688 4315 Cf.
699 4251 843 4302 Hmandi
851 4252 934 4318 epist,
945 4249 1041 4300 [Atelli
1050 4248 1088 4314 II,
1096 4266 1125 4316 p.
1136 4250 1197 4302 289.

78 4328 107 4391 3)
122 4326 232 4390 Smetri,
246 4331 274 4374 ue
289 4325 400 4390 amarer,
413 4320 1199 4390 qm·astera.1077-1088praeposausaauraaamenas

77 4397 143 4459 fuet.
172 4396 214 4459 Cf.
234 4394 532 4457 Cbron.Loureabom.,
551 4393 598 4447 SS.
612 4392 692 4460 XXI,
709 4394 812 4459 12409.
866 4393 894 4459 4)
915 4392 958 4455 Of.
977 4391 1012 4445 a,
1031 4391 1047 4445 l.
1061 4391 1077 4444 l.
1093 4406 1122 4456 p.
1136 4391 1197 4444 421.

951 4498 985 4552 16
