2842 5026
372 471 573 526 LAMPERTI
590 471 781 525 ANNALES.
818 471 854 525 A.
875 475 953 528 1077.
1174 474 1227 527 303

115 653 141 717 is
168 656 384 719 extrinsecus
406 656 624 719 retardetur¹¹
647 655 914 738 impedimentis.
954 654 997 716 In
1022 655 1106 718 haec
1123 654 1228 716 rerba
1238 650 1330 757 1272

115 748 238 826 egaea
261 745 403 806 amsa.
1237 722 1249 767 f
1272 723 1314 760 Μ·
1330 726 1361 769 ”²

211 833 308 915 Papa
323 833 448 896 certior
470 832 539 894 iam
556 833 671 896 factus
692 834 733 896 de
757 832 1000 895 immutatione
1023 832 1129 893 animi
1154 831 1227 894 eius

115 922 137 982 rt
163 922 310 985 caeteris
333 922 445 993 rebus,
471 942 555 1003 quas
580 922 624 984 ad
648 942 726 985 eum
752 917 833 983 ‘iam
858 920 991 1003 pridem
1014 920 1109 982 fama
1132 921 1227 983 detu-

115 1014 203 1080 erat,
229 1010 323 1072 misit
347 1010 504 1093 protinus
529 1003 789 1073 Bernhardumb
817 1009 978 1073 abbatem
1003 1009 1045 1072 de
1062 1008 1225 1084 Massilia,

115 1099 217 1161 irum
248 1098 392 1162 eximiae
428 1098 697 1161 conversationis
733 1101 768 1162 et
798 1098 984 1159 mult-arum
1021 1099 1057 1159 in
1088 1096 1226 1160 Christo

115 1186 289 1262 irtutum,
325 1187 410 1251 item
440 1187 547 1248 alium
578 1179 839 1250 Bernhardumb
875 1186 1085 1249 cardinalem
1117 1187 1226 1248 diaco·

115 1296 187 1337 rum
219 1279 359 1339 sanctae
382 1276 557 1338 Romanae
588 1275 774 1339 aecclesiae
786 1275 805 1350 ¹,
837 1278 877 1337 ut
908 1274 1121 1357 principibus
1145 1275 1226 1336 Teu·

115 1364 233 1427 onicic
251 1365 357 1446 regni,
383 1364 451 1446 qui,
469 1367 510 1426 ut
534 1364 785 1447 supradictum
802 1368 864 1437 est,
891 1363 960 1425 ΠΙ.
978 1363 1062 1426 Idus
1079 1358 1221 1426 Marcii¹¹
1237 1391 1343 1432 rimas.

115 1451 306 1516 iorecheim
324 1453 527 1515 conventuri
544 1457 652 1525 erant,
678 1457 897 1516 occurrerent
913 1473 1038 1534 eosque
1062 1473 1123 1534 per
1140 1452 1225 1515 ordi·

115 1560 182 1604 rem
208 1562 249 1604 ea
272 1562 359 1623 quae
383 1545 500 1624 gestae
529 1545 629 1604 erant
653 1541 853 1617 edocerent;
878 1561 913 1603 se
937 1541 1035 1603 iuxta
1058 1541 1225 1623 placitum

115 1629 224 1693 ledita
248 1651 353 1712 opera
376 1630 508 1693 enisum
532 1630 653 1704 fuisse,
679 1633 720 1691 ut
743 1630 798 1694 die
823 1633 858 1693 et
882 1629 957 1693 loco
982 1632 1114 1692 statuto
1139 1650 1225 1692 com·

115 1718 267 1780 nunibus
291 1722 431 1782 sanctae
455 1718 641 1781 aecclesiae
665 1718 879 1781 utilitatibus
903 1718 1094 1780 tractandis
1110 1722 1225 1801 presto

115 1810 210 1881 sset,
246 1800 328 1869 seds
362 1808 502 1869 domnig
536 1807 693 1870 Heinrici
724 1807 906 1890 diligentia
938 1807 989 1868 ita
1019 1807 1225 1870 circumven-

115 1916 190 1972 tum,
216 1895 267 1957 ita
290 1916 417 1971 omnes,
443 1916 504 1978 per
527 1916 611 1977 quas
636 1896 802 1957 transitus
826 1916 898 1959 esse
923 1895 1101 1977 potuisset.
1127 1896 1225 1958 itine-

115 2004 181 2045 um
206 1984 384 2066 angustias
409 1989 666 2067 preoccupatus,
692 1987 731 2046 ut
754 2005 817 2048 nec
842 1987 920 2047 tuto
943 1984 981 2046 in
1005 1982 1225 2047 Germaniam

115 2072 267 2155 >rogredi
291 2093 353 2136 nec
378 2075 455 2136 tuto
475 2073 618 2135 Romam
643 2073 778 2156 regredi
801 2072 917 2136 valeat
927 2073 948 2133 2.
984 2072 1134 2136 Proinde
1158 2093 1224 2134 mo-

115 2179 185 2223 rere
216 2182 287 2233 eos,
324 2164 364 2223 ut
395 2161 464 2223 suis
495 2161 634 2225 interim
667 2161 770 2225 rebus
801 2166 836 2224 et
866 2181 972 2243 regno
1003 2161 1223 2237 Francorum,

115 2249 196 2331 puod
227 2250 288 2311 diu
322 2250 391 2312 iam
423 2250 524 2312 unius
559 2250 708 2313 hominis
739 2250 864 2333 puerili
898 2250 1041 2313 levitate
1071 2252 1223 2323 vexetur,

115 2357 241 2418 luaqua
276 2339 409 2420 possint
446 2338 579 2402 ratione
615 2339 837 2402 moderentur
846 2340 866 2415 ³,
904 2339 1026 2414 donec,
1067 2338 1095 2400 si
1131 2338 1225 2402 Deus

115 2425 198 2501 relit,
224 2426 387 2509 adempta
409 2427 544 2490 itineris
560 2427 780 2500 difficultate,
805 2427 878 2510 ipse
893 2428 1010 2490 venire
1034 2431 1070 2490 et
1089 2426 1225 2490 collatis

115 2535 141 2575 n
163 2515 316 2578 medium
341 2515 506 2591 consiliis,
539 2516 621 2598 quid
653 2516 814 2590 utilitati,
846 2516 929 2598 quid
954 2516 1129 2579 honestati
1158 2537 1224 2579 om·

115 2603 209 2675 rium,
236 2604 318 2685 quid
336 2605 414 2687 paci
438 2604 690 2668 ecclesiasticae
715 2605 885 2687 expediat,
910 2606 1100 2669 secundum
1121 2605 1224 2668 eccle·

115 2690 260 2754 siasticas
284 2692 377 2775 leges
401 2694 584 2757 decernere
610 2686 751 2775 possith.

210 2868 283 2932 Nos
306 2890 400 2932 more
424 2870 545 2933 inertis
569 2874 691 2953 poetae
716 2874 868 2933 extremo
891 2871 961 2932 iam
985 2871 1020 2932 in
1036 2890 1138 2954 opere
1154 2870 1224 2932 lan·

115 2960 307 3037 mercenses
330 2958 550 3041 ingentisque
575 2959 739 3023 materiae
768 2959 858 3022 mole
882 2959 1057 3041 superati⁴
1086 2959 1123 3020 in
1154 2959 1224 3021 lon-

115 3156 292 3202 >retardaretur
305 3156 365 3199 Blb.
442 3156 622 3206 mummium
636 3159 683 3201 Ar.
750 3157 771 3207 c)
787 3158 896 3200 Theuton.
910 3158 956 3199 Ba.
1024 3155 1048 3204 d)
1062 3157 1086 3194 ln
1101 3156 1152 3198 aaa,
1166 3157 1224 3198 1³1⁸.

115 3210 440 3257 >suntuna,se‹1ae1.131·.
504 3212 630 3256 becalt.
693 3210 947 3261 g)domlnlAl.Bl¹.
1011 3208 1224 3257 uniendum

116 3377 127 3443 )
152 3378 195 3428 Hi
215 3380 297 3444 prius
322 3380 350 3429 in
370 3380 544 3430 Gerrnam'am
569 3382 647 3430 missi
668 3386 740 3446 sueni,
766 3397 846 3446 quom
867 3381 1014 3444 Greporius
1031 3385 1111 3430 antea
1129 3394 1224 3429 onemo-

115 3456 181 3499 atue
192 3451 230 3499 ad
243 3466 327 3514 repom
342 3451 564 3516 proficisceretur.
595 3452 637 3515 Cf.
651 3452 726 3504 Paul.
740 3451 879 3503 Bernried.
898 3467 919 3503 c.
932 3452 976 3504 88.
989 3452 1040 3510 89,·
1061 3449 1223 3501 Giaebreeht

115 3520 157 3583 II,
174 3536 204 3585 p.
220 3522 296 3574 1153.
387 3523 415 3586 2)
433 3521 467 3571 In
487 3523 595 3588 epistola
613 3523 650 3573 ad
666 3523 815 3589 praedictos
833 3524 931 3586 leputos
950 3522 1013 3585 Κεφ.
1030 3521 1139 3586 112‘23.
1158 3521 1224 3571 dota

118 3632 125 3643 .
149 3594 227 3645 1077.
254 3592 326 3642 Maii
344 3595 387 3645 31·
413 3592 476 3642 dicit
497 3593 644 3657 Greporius
669 3596 777 3644 minime
800 3609 828 3643 ae
852 3609 869 3641 a
894 3608 955 3657 repe
979 3593 1135 3657 impeditam
1160 3608 1222 3657 ease,

116 3664 243 3712 uominus
256 3664 284 3712 in
299 3662 472 3714 Germaniam
483 3665 704 3731 proficisceretur,
720 3665 765 3715 sed
774 3664 909 3730 proficisci
919 3665 1071 3730 nequivisse.
1127 3665 1154 3729 3)
1167 3663 1224 3715 Nec

115 3733 170 3783 aliu
194 3750 296 3799 papam
316 3735 488 3799 principibus
514 3736 654 3786 nrondosse
678 3751 712 3785 ac
736 3737 792 3785 eius
817 3734 935 3800 epistolis
959 3735 1023 3800 Rep.
1048 3735 1101 3797 IV,
1119 3737 1162 3788 23.
1180 3737 1223 3787 24.

115 3802 185 3867 ⁷111,
205 3807 249 3858 51.
271 3811 353 3871 paret,
379 3806 475 3871 quibus
500 3806 596 3872 Lunrp.
622 3807 727 3871 quidem
752 3806 873 3856 indicare
897 3805 978 3857 uoluit
1003 3821 1147 3857 ooncoesam
1171 3820 1225 3855 esee

115 3876 269 3941 »incipieus
288 3876 422 3927 libentium
439 3878 554 3928 alteriue
571 3877 686 3941 elipandi
702 3879 781 3942 repis.
814 3877 879 3928 Vide
897 3893 964 3942 quae
983 3876 1118 3928 Berroia.
1138 3876 1223 3938 (Anu.

115 3946 130 3998 ι’.
143 3944 246 4010 Blasii)
260 3963 289 4012 p.
302 3950 366 4001 292.
385 3949 417 3999 de
434 3950 470 3999 iis
487 3964 554 4014 quoe
571 3965 589 3998 a
608 3949 703 4012 leontis
721 3949 799 3998 dietr's
817 3950 847 3998 in
866 3953 990 3998 conventu
1007 3947 1225 3998 Forchheimensi

115 4022 162 4066 uia
180 4019 236 4067 sint
254 4020 349 4083 optime
367 4025 390 4070 ei
408 4021 542 4070 masinae
560 4021 666 4085 exponit
686 4024 708 4069 ei
727 4019 805 4072 Paul.
819 4018 960 4072 Bemre'ed.
978 4034 998 4070 c.
1012 4019 1056 4071 88.
1094 4018 1148 4080 Qui
1164 4019 1223 4083 qui-

115 4086 159 4137 'em
177 4087 259 4151 leqati
276 4093 363 4153 mapis
380 4105 461 4155 quam
476 4106 552 4155 papa
570 4091 651 4141 voluit
669 4091 815 4141 electionem
832 4089 941 4152 liudolfi
955 4090 1116 4154 maneriae
1134 4088 1223 4138 ciden-

115 4174 150 4208 ur
173 4159 283 4222 (Bruno
308 4176 328 4212 c.
349 4163 405 4221 91).
442 4160 513 4210 Sane
537 4161 667 4225 intellipia
689 4161 736 4212 hoe
762 4161 824 4222 loco,
850 4176 904 4225 qua
923 4161 1024 4211 astutia
1046 4159 1108 4210 haee
1126 4158 1221 4224 Lamp.

115 4233 285 4296 omposuerit,
310 4247 365 4297 qua
391 4231 496 4281 malitia
522 4234 612 4282 omnia
637 4235 667 4282 in
689 4233 780 4282 odium
798 4233 870 4296 repis
888 4231 1048 4283 converterit.
1138 4231 1166 4294 4)
1190 4229 1223 4279 Ut

115 4300 135 4353 3.
154 4300 259 4352 Simeon
277 4304 381 4353 rnonuit
399 4302 442 4355 ⁴N.
460 4302 575 4352 Archir’
589 4303 629 4366 II,
645 4321 674 4370 p.
687 4305 797 4368 449⁸q,
818 4302 913 4367 Lamp.
933 4301 995 4351 haec
1013 4300 1091 4352 verba
1108 4301 1223 4366 srcmpeit

115 4387 136 4420 a
158 4370 236 4439 Sulp.
261 4373 351 4423 Severi
373 4373 448 4424 Vitae
472 4373 591 4424 Maniai
614 4389 634 4427 c.
653 4376 703 4428 26:
731 4372 788 4427 Sed
811 4373 866 4425 iam
891 4370 974 4425 finem
999 4371 1068 4424 liber
1092 4369 1223 4438 postulat,
