2842 5026
310 396 510 452 LAMPERTI
528 397 718 453 ANNALES.
756 399 791 452 A.
812 402 890 455 1074.
1112 403 1163 456 181

121 578 194 642 ellis
218 584 317 643 erant
340 580 428 642 nihil
445 581 606 663 deinceps
622 581 748 645 hostile
771 581 808 643 in
827 581 1053 663 provinciales
1074 578 1250 646 face-1074·

122 719 129 739 ‚
161 668 222 730 seu
245 668 306 731 usi
330 668 476 750 primum
508 669 645 745 cibaria,
677 690 764 751 quae
792 669 849 732 in¹⁸
877 669 1048 732 diutinam
1078 649 1255 734 oeuii‘l‘l'l

122 756 376 819 inistrationem
401 757 535 819 affatim
560 750 742 839 congestab
762 758 912 834 fuerant,
938 759 1161 841 consumpsis-

121 894 127 919 ,
160 845 236 927 ipsa
266 844 409 908 castella
440 845 706 928 provincialibus
730 846 908 909 traderent
931 846 1090 909 funditus
1114 848 1160 909 di·

121 933 183 995 uda.
223 933 296 996 Nec
312 932 463 997 Saxones
486 953 693 1016 magnopere
716 933 885 997 curabant
908 934 970 996 has
993 935 1159 1012 inducias,

121 1023 197 1083 nris
220 1043 290 1084 non
306 1021 486 1084 minimum
502 1022 670 1085 haberent
686 1026 871 1105 suspectas,
897 1042 975 1085 cum
999 1023 1035 1085 in
1052 1027 1160 1106 potes-

121 1131 150 1171 m
181 1130 278 1171 suam
308 1110 487 1173 redactum
517 1111 644 1174 scirent
675 1111 847 1174 communi
875 1111 1067 1175 sententiae
1090 1133 1160 1175 non

121 1217 138 1261 e
162 1198 340 1280 refragari.

147 1285 263 1368 Igitur
286 1306 363 1349 cum
383 1286 533 1350 venisset
549 1284 751 1363 Goslariam,
776 1287 915 1351 iuvenes
939 1287 998 1369 qui
1022 1287 1057 1348 in
1074 1287 1159 1350 Har·

121 1394 184 1456 urg
202 1376 350 1450 fuerant,
376 1375 502 1456 quique
519 1380 659 1458 propter
674 1395 727 1439 res
744 1375 831 1439 bene
847 1379 961 1457 gestas
983 1375 1018 1436 in
1033 1397 1159 1458 magna

121 1461 132 1524 Ι
163 1483 242 1526 eum
273 1463 500 1527 admiratione
530 1464 757 1538 habebantur,
786 1463 1007 1527 vehementer
1036 1464 1158 1547 impro-

121 1555 171 1612 mt
202 1551 463 1615 conventionem
495 1552 597 1634 pacis,
630 1556 664 1614 et
695 1552 776 1633 quia
802 1552 990 1615 secundum
1015 1552 1157 1635 prophe·

121 1642 130 1674 ²
160 1639 261 1702 dolus
281 1639 432 1703 directus
455 1640 570 1702 fuerat
594 1640 630 1702 in
653 1639 811 1703 manibus
836 1660 962 1715 eorum,
988 1640 1099 1703 multa
1122 1644 1158 1704 et
1167 1661 1253 1710 naua
1262 1661 1295 1704 25.

121 1747 143 1789 a
174 1748 367 1791 mensuram
403 1748 500 1790 suam
530 1728 713 1810 magnifica
747 1728 779 1791 ei
809 1723 1080 1810 promittebantd
1115 1729 1157 1792 de

121 1836 169 1878 »us
200 1816 279 1891 suis,
311 1816 340 1878 si
370 1816 407 1877 in
431 1816 630 1898 procinctue
659 1816 876 1898 perstitisset.
924 1814 1158 1879 Ostentabant

121 1925 144 1965 n
169 1905 213 1966 ad
237 1904 509 1986 experimentum
532 1904 672 1967 virtutis
702 1924 784 1968 suae
814 1904 936 1967 titulos
960 1904 1157 1968 interiecto·

139 1990 410 2056 Goslariensium
441 1992 624 2074 dispositos
655 2013 716 2074 per
742 2013 842 2056 omne
865 1992 954 2054 illud
979 1988 1155 2075 ‘spacium

121 2080 129 2142 Ι
167 2102 185 2142 a
223 2080 380 2144 Goslaria
413 2101 521 2162 usque
556 2081 593 2142 in
627 2080 845 2163 Hartesburg
879 2080 1013 2144 duobus
1048 2081 1156 2146 ferme

121 2188 179 2232 sus
202 2169 384 2232 interiacet
395 2169 416 2230 ¹.
455 2163 573 2232 Haecf
593 2169 764 2232 audiendo
788 2169 888 2232 malis
912 2173 1068 2234 assuetus
1088 2170 1156 2232 ani·

145 2260 181 2320 et
212 2278 273 2338 per
302 2261 452 2321 aetatem
482 2257 612 2339 gloriae
643 2257 802 2320 militaris
833 2257 953 2320 avidus
988 2258 1156 2340 paulatim

121 2345 293 2408 rmabatur
330 2346 373 2408 ad
412 2345 589 2428 ingenium
629 2366 728 2408 suum
767 2349 871 2427 atque
905 2347 972 2408 adg
1008 2346 1156 2429 rigorem

121 2434 236 2509 inum,
277 2434 429 2515 factique
467 2434 536 2496 iam
575 2426 670 2497 nonh
709 2434 928 2498 mediocriter
966 2434 1156 2517 penitebat.

121 2515 211 2603 uque¹
237 2543 258 2583 a
281 2521 471 2585 Saxonibus
495 2522 662 2605 promissa
684 2542 747 2585 sua
769 2516 1038 2605 reposcereturk,
1064 2523 1156 2606 cepit

121 2631 173 2672 nm
197 2610 332 2673 callidis
355 2610 633 2692 responsionibus
657 2611 875 2693 tergiversari
899 2614 934 2674 et
958 2615 1084 2692 petere,
1115 2615 1155 2674 ut

121 2703 321 2761 conventum
352 2698 545 2781 principum
576 2699 673 2782 regni
704 2719 986 2780 communemque
1018 2699 1155 2763 audien·

121 2842 124 2848 .
147 2807 201 2850 res
224 2787 360 2868 integra
383 2787 589 2861 differretur,
621 2790 792 2869 quatenus
819 2807 937 2851 eorum
960 2787 1088 2850 iudicio
1113 2788 1155 2851 de

121 2874 192 2950 ulis,
217 2876 309 2957 quod
332 2875 463 2952 honori,
489 2877 580 2956 quod
603 2875 751 2938 utilitati
774 2876 824 2939 rei
848 2875 1007 2958 publicae
1031 2876 1155 2939 condu-

121 2956 165 3038 t¹,
197 2967 418 3027 statueretur.
466 2963 542 3026 Illis
566 2964 808 3040 annuentibus,
834 2964 997 3047 precepit,
1029 2966 1069 3026 ut
1092 2963 1153 3025 VI.

121 3093 122 3108 t
150 3051 273 3115 Marcii
303 3052 474 3134 principes
505 3052 547 3115 de
577 3056 653 3116 toto
683 3073 789 3135 regno
814 3050 1006 3115 Goslariam
1037 3071 1271 3116 conve-narem.

121 3143 162 3202 rt.

144 3228 285 3291 Statuto
309 3228 364 3291 die
388 3232 601 3292 caeterorum
626 3229 820 3311 principum
844 3228 961 3291 nullus
984 3248 1024 3292 eo
1048 3228 1153 3292 venit.

121 3337 187 3380 »nes
219 3320 253 3380 et
277 3316 420 3399 Turingi
428 3321 451 3351 ¹¹¹
482 3338 560 3379 cum
590 3317 728 3379 infinita
757 3317 982 3380 multitudine
1013 3318 1056 3380 de
1079 3320 1156 3380 tota

121 3405 185 3467 »nia
201 3408 236 3468 et
248 3405 441 3487 Turingiam
457 3408 671 3469 sacramento
688 3405 821 3468 evocati
837 3405 981 3468 aderant
996 3408 1031 3469 et
1043 3405 1150 3467 haut¹¹

121 3493 158 3556 ul
176 3513 197 3555 a
213 3490 371 3556 Goslaria
386 3493 622 3557 castrametati
638 3492 771 3575 legatos
792 3493 837 3555 ad
855 3513 970 3575 regem
987 3493 1154 3557 miserunt

120 3601 138 3646 e
164 3602 240 3644 cum
265 3602 305 3644 eo
329 3583 372 3645 de
396 3581 664 3658 condicionibus,
694 3581 819 3663 quibus
841 3581 933 3644 inter
956 3601 991 3646 se
1015 3584 1051 3646 et
1075 3603 1154 3646 eum

121 3669 345 3733 convenisset.
376 3670 526 3734 Triduo²
542 3671 677 3753 integro
694 3673 729 3734 et
745 3670 782 3732 hi
798 3669 900 3734 modo
916 3669 1152 3753 supplicando,
1164 3690 1231 3729 aaa.
1239 3690 1324 3730 10-12.

121 3779 138 3822 o
168 3762 333 3821 terrorem
365 3758 527 3822 bellicum
555 3759 781 3823 intentando⁰
810 3758 935 3822 acriter
963 3758 1152 3835 instabant,

121 3846 166 3909 lle
201 3847 422 3911 sedulitatem
459 3848 664 3910 instantium
699 3847 841 3911 lubricis
875 3846 1154 3930 responsionibus

121 4035 173 4077 urb.
234 4036 535 4084 pararnonem.
594 4037 615 4086 c)
629 4037 771 4086 propheciam
785 4035 844 4078 131⁸.
902 4032 925 4083 d)
939 4034 1153 4084 promitebtntA13

121 4090 242 4130 tantm·¹
305 4090 504 4137 opcmemnrt.
567 4088 718 4136 slNecBlb.
779 4088 928 4137 &lom-1³1⁸.
989 4087 1155 4135 mmsis.

121 4143 165 4191 bic)
178 4144 237 4184 131¹.
278 4143 301 4189 k)
316 4144 553 4191 reposcerentur-An.
567 4143 624 4184 1310.
638 4143 663 4184 1⁸.
677 4142 737 4184 sehr.
778 4142 794 4188 1)
808 4141 939 4180 condeceret
953 4141 1000 4181 Ba.
1042 4138 1072 4201 m)
1086 4139 1155 4182 Tum.

162 4200 185 4242 n)
200 4195 258 4234 haud
273 4198 290 4233 Α
301 4198 318 4237 1.
333 4196 389 4238 1310.
398 4197 416 4238 2.
470 4195 492 4243 ο)
508 4192 661 4243 ἰιιιοωρῑιιιάο
675 4195 721 4236 Bt.

121 4397 126 4409 .
146 4356 259 4408 Cama
278 4355 317 4420 II,
331 4355 481 4409 215-220.
554 4353 582 4419 2)
600 4353 643 4416 Of.
662 4368 748 4421 aspra
763 4369 794 4421 p.
807 4354 867 4418 131,
887 4368 914 4407 n.
926 4355 952 4407 2.
