2842 5026
574 481 796 538 PRAEFATIO
816 482 899 540 c.11.
1179 482 1295 538 XXVII

176 664 336 744 Wipberti
358 665 496 730 relatum
518 671 597 730 essct
618 665 795 730 Albuinum
818 665 993 747 episcopum
1015 666 1295 746 Buraburssaensem

172 753 328 817 monitum
352 775 427 834 esse,
451 760 486 817 ut
501 775 573 817 ossa
592 754 746 835 Wipbcrti
768 753 805 818 in
827 754 1053 818 nmuasterium
1068 754 1295 832 Hersfetdense

171 842 375 923 transferret,
399 842 451 908 hic
466 843 561 906 Lullo
577 842 659 907 idem
678 848 725 906 ter
740 848 944 925 pracceptum
967 864 1031 907 esse
1054 842 1218 907 ementitus
1240 849 1293 908 est.

172 931 266 995 Patet
300 931 402 1012 ipitur
435 930 515 1011 iam,
554 952 610 996 eur
640 930 746 995 Vitam
776 930 930 1013 Wipberti
959 931 1103 995 omnibus
1131 931 1296 997 monachis

152 1019 459 1099 sHersfeldensnbtu
473 1019 642 1085 lectitatum
666 1040 704 1084 ac
726 1019 883 1100 capnitam
903 1018 988 1084 inter
1009 1020 1113 1098 fantes
1134 1041 1208 1084 suos
1230 1042 1295 1085 non

173 1107 379 1188 indicauerit,
415 1129 454 1172 ue
483 1107 626 1173 uidelicet
653 1107 810 1186 falsitatis
838 1108 878 1170 ab
908 1107 953 1172 eis
982 1115 1177 1190 arpueretnr,
1212 1111 1297 1189 arrad

173 1195 317 1262 carmine
340 1197 396 1262 illo
419 1196 584 1277 composito
605 1203 717 1278 postea
739 1195 769 1260 ei-
792 1195 931 1279 contipit.
981 1197 1084 1278 Atqrce
1113 1196 1193 1276 falsi
1222 1218 1296 1262 reus

174 1285 366 1367 Lanpcrtus
395 1284 490 1350 etiam
518 1284 555 1349 in
584 1284 627 1349 iis
654 1306 734 1366 quae
764 1287 802 1349 cle
825 1285 931 1349 Leoba
955 1280 996 1362 (c.
1014 1289 1072 1369 20)
1096 1284 1223 1367 scripsit
1247 1288 1294 1351 de·

168 1374 390 1455 prehenditur.
437 1373 555 1438 Minus
577 1374 686 1455 urlpae
709 1373 739 1438 ei
761 1375 840 1438 dare
861 1374 978 1455 vetunt,
1009 1377 1093 1456 quad
1115 1396 1140 1439 c.
1159 1381 1188 1439 6.
1213 1374 1295 1439 dicit

144 1487 167 1526 n
176 1463 206 1527 S.
219 1461 430 1543 Bonifatium
444 1461 504 1526 soli
520 1463 614 1526 Lullo
624 1461 832 1544 praecepisse,
852 1469 887 1526 ut
903 1483 1015 1544 corpeus
1030 1464 1153 1528 Leobae
1169 1464 1295 1528 Fuldae

175 1551 208 1614 in
238 1550 342 1632 ipsius
368 1551 531 1633 scpmlchro
553 1550 764 1639 sepeliendum
787 1556 926 1632 curaret,
962 1573 1033 1616 cnm
1056 1551 1236 1630 Ruodolfus
1258 1551 1295 1616 in

182 1639 271 1703 Vitae
294 1639 419 1705 Laebae
441 1661 467 1705 c.
490 1646 540 1702 17.
564 1661 635 1704 eum
657 1640 752 1704 Lullo
775 1646 804 1704 et
830 1638 994 1704 monachis
1016 1640 1232 1704 Fuldeusibus
1261 1640 1297 1704 id

175 1730 344 1793 nunciasse
366 1727 537 1810 scripserit.
585 1728 649 1793 Sed
666 1728 704 1808 is,
724 1734 759 1792 ut
773 1728 942 1792 aranachae
957 1728 1134 1792 Fnblenses
1149 1727 1295 1794 mandati

178 1816 208 1880 S.
225 1816 393 1895 Bonifatii
417 1815 547 1897 neplecti
569 1823 724 1897 arpueret,
749 1815 862 1883 callide
885 1837 924 1881 ac
940 1818 1083 1898 perfide:
1107 1817 1212 1892 Illud,
1237 1817 1292 1898 ait,

151 1907 312 1988 reintegra
333 1907 403 1970 fide
419 1906 673 1983 affirmaverim,
698 1907 789 1989 quod
806 1907 843 1968 in
858 1906 1103 1970 monasterium
1122 1907 1294 1971 Fuldense

176 1994 293 2058 delata
316 1995 362 2058 sit
385 2015 448 2059 nec
470 1998 589 2058 tamen
611 2017 718 2058 unum
744 2016 822 2059 cum
846 1995 979 2058 ossibus
1003 1995 1096 2059 besti
1121 1995 1293 2059 Bonifacii

176 2083 411 2167 sepulchrum,
449 2084 539 2146 sicut
569 2084 642 2167 ipse
673 2084 840 2160 edixerat,
879 2084 1112 2167 occupaverit,
1150 2083 1295 2163 qccamois

175 2170 297 2253 lepisset
328 2171 419 2236 Vitae
449 2171 571 2235 Leabue
601 2192 626 2236 c.
644 2177 696 2252 21,
728 2192 787 2252 quo
817 2170 997 2248 Ruodolfus
1026 2177 1142 2235 narrat
1171 2172 1294 2236 Leobae

175 2281 287 2341 corpus
303 2260 445 2324 Fuldam
467 2259 658 2323 translatam
682 2281 755 2340 esse,
780 2259 915 2341 exponit,
940 2280 997 2324 cur
1018 2260 1138 2338 fratrer
1155 2260 1293 2324 Fulden·

147 2369 221 2413 uses
244 2370 316 2413 eam
339 2369 404 2412 non
426 2348 463 2412 in
487 2348 520 2413 S.
537 2346 703 2427 Bonifatii
725 2348 887 2430 sepulchro
910 2347 1097 2430 sepelierint,
1122 2348 1215 2412 ceriti
1237 2348 1293 2414 sci-

175 2437 244 2501 licet
274 2437 332 2502 hoc
359 2436 493 2519 aperire,
523 2436 631 2501 retulit
657 2457 731 2501 ossa
752 2437 820 2501 eius
843 2437 883 2500 ab
906 2436 1013 2518 Eipile
1035 2438 1145 2501 abbate
1169 2458 1293 2502 consen·

174 2525 268 2590 tiente
297 2525 530 2608 archiepiscopo
558 2525 746 2607 Mapontina
776 2526 934 2589 translato
963 2547 1037 2590 esse.
1092 2527 1178 2590 Sane
1207 2527 1295 2590 hacid

175 2614 321 2694 fideliter,
345 2615 434 2678 haud
448 2613 504 2696 pie
527 2615 732 2696 Lampertum
755 2615 812 2680 hoc
833 2616 920 2694 fonte
943 2635 1035 2679 usum
1057 2635 1123 2679 esse
1146 2613 1292 2679 diceneus.

180 2705 267 2784 Quae
297 2702 380 2767 idem
408 2705 445 2767 dc
474 2703 559 2767 obitu
586 2702 723 2767 Albuini
752 2709 781 2768 et
810 2702 900 2767 Lulli
929 2703 1143 2784 cpiscoporum
1174 2699 1215 2779 (c.
1233 2706 1291 2786 21)

142 2791 274 2857 ntradit
286 2814 364 2856 num
376 2791 442 2872 ipse
457 2798 646 2857 camnuntus
660 2790 703 2856 sit
713 2794 733 2873 ¹,
750 2793 833 2873 quod
847 2790 989 2872 equidem
1004 2791 1125 2873 opinor,
1143 2813 1186 2855 an
1202 2813 1293 2873 qliae·

176 2882 249 2944 dam
272 2880 439 2945 commin
462 2880 652 2944 monasteria
668 2880 891 2958 Hersfeldensi
914 2879 1035 2944 tradita
1057 2880 1188 2961 fuerint,
1213 2879 1293 2945 diiu-

176 2969 280 3033 dicari
303 2969 419 3049 nequit.
459 2970 504 3033 In
526 2969 583 3034 hoc
606 2969 707 3050 capite
722 2963 920 3050 Lampcrtusv
936 2968 1060 3032 dixerat
1081 2989 1114 3033 se
1136 2969 1295 3034 miracula

176 3057 265 3121 Lulli
288 3064 498 3122 narraturum
527 3079 600 3139 esse,
631 3060 687 3122 sed
715 3079 785 3123 eum
813 3078 884 3121 aere
911 3057 1013 3121 relata
1036 3060 1206 3121 narranda
1229 3079 1294 3122 non

175 3146 310 3227 haberet,
342 3146 480 3210 lassatus
501 3145 725 3227 fatipatusque,
753 3152 788 3210 ut
810 3145 943 3226 uidetur,
972 3150 1015 3209 tot
1037 3145 1194 3226 tantisque
1217 3167 1293 3211 cam·

146 3235 297 3314 umentis,
327 3234 480 3299 relatione
501 3233 604 3316 primi
626 3234 776 3300 miraculi
798 3234 923 3316 incepta
943 3255 1087 3315 paenam
1109 3236 1154 3298 ad
1175 3240 1294 3315 tempus

175 3324 325 3405 deposuit,
350 3325 433 3405 quod
455 3322 557 3389 codice
580 3323 774 3405 autoprapha
790 3330 819 3388 et
834 3322 990 3388 codicibus
1006 3343 1043 3386 en
1058 3322 1115 3387 hoc
1131 3322 1295 3404 descriptis

176 3413 330 3476 docemur.

283 3500 387 3565 Paulo
404 3505 477 3581 post
499 3522 581 3581 uero,
613 3521 683 3565 oum
704 3521 878 3565 sermonem
902 3499 1038 3581 concepti
1061 3499 1158 3563 libelli
1181 3499 1294 3581 eupoli-

176 3595 230 3668 ret,
255 3589 448 3669 Lampertus
462 3587 718 3653 animadvertens
741 3610 773 3653 se
796 3588 879 3652 nihil
901 3588 969 3666 fere
992 3591 1029 3652 de
1047 3589 1140 3652 rebus
1156 3587 1295 3669 publicis

148 3683 310 3757 stenopore
327 3676 416 3741 lund
436 3677 533 3759 pestis
554 3677 726 3758 scripsisse,
751 3676 851 3741 tribus
874 3676 1099 3742 additamentis
1116 3679 1153 3741 dc
1169 3677 1294 3740 Karola

176 3765 296 3829 maiore
331 3768 454 3846 doinus,
490 3765 629 3848 Pippino
663 3787 734 3847 repe
768 3772 796 3830 et
829 3766 932 3844 fratre
962 3765 1030 3829 eires
1058 3766 1293 3846 Karlamanno,

177 3854 303 3918 Karolo
326 3855 451 3937 Mapuo
478 3861 507 3919 et
534 3855 638 3933 fratre
665 3855 733 3918 eius
756 3855 981 3919 Karlmnanno
1009 3853 1134 3936 repibus
1157 3854 1295 3918 libellum

176 3942 279 4024 aucit,
311 3945 356 4007 ad
384 3965 422 4008 ea
452 3945 664 4024 conponenda
693 3942 846 4007 adhibitis
874 3942 1040 4007 Einhardi
1071 3942 1144 4006 Vita
1175 3941 1295 4006 Karali

177 4031 296 4113 Maeni
323 4038 352 4096 ct
375 4031 552 4113 Repinonis
579 4031 767 4097 Chronic02.
813 4031 902 4096 Bene
930 4032 1105 4095 notandum
1134 4036 1191 4111 est,
1223 4051 1294 4111 arro·

149 4172 203 4236 ul)
223 4169 299 4234 thod
316 4171 421 4236 quidem
439 4185 468 4222 eo
482 4170 654 4236 probabilius
679 4170 825 4234 habebitur,
853 4170 923 4236 quod
941 4171 1103 4237 Lanpmtus
1126 4172 1154 4220 in
1172 4170 1294 4220 clausula

184 4241 264 4303 Vitae,
291 4241 339 4291 ubi
362 4242 448 4304 fontes
471 4257 533 4293 suos
559 4243 729 4306 enumerarit,
756 4244 865 4292 rrciuime
886 4241 959 4291 dirtt
976 4258 1003 4292 se
1021 4243 1167 4308 pastoriam
1186 4257 1219 4291 coc
1238 4248 1296 4291 tra=

179 4312 276 4363 ditione
294 4311 479 4376 Hersfeldensi
496 4314 629 4379 aompisse.
689 4313 718 4380 2)
738 4313 796 4364 Hoc
815 4315 843 4363 tn
862 4329 940 4364 usum
959 4313 993 4363 ab
1010 4328 1038 4364 eo
1056 4319 1173 4363 uocatum
1193 4328 1245 4363 csse
1262 4328 1296 4364 ra

181 4384 212 4433 its
230 4399 297 4449 quae
314 4383 346 4434 da
359 4383 474 4449 procliis
483 4384 583 4434 Karoh'
594 4385 708 4435 nmiaris
726 4383 1076 4435 damusatSarraaenorurn
1096 4384 1196 4447 retulit,
1214 4399 1296 4450 prae·

181 4456 268 4505 urttm
286 4469 320 4506 aa
337 4469 448 4506 numero
465 4455 666 4518 interfectorum
685 4454 896 4506 sarracenorum
916 4455 1042 4506 adnotato
1060 4461 1093 4518 (a.
1107 4456 1137 4518 3)
1157 4455 1243 4505 elucet.
