2842 5026
455 113 649 169 LAMPerr
667 112 853 169 ANNALES.
889 113 924 168 A.
944 117 1022 169 1073.
1249 114 1299 166 171

156 340 159 345 -
209 300 346 374 venisset,
372 300 509 381 quidam
533 320 572 362 ex
595 296 735 362 castello
754 295 945 361 Goslariam
969 296 1123 380 privatae
1147 295 1217 359 reil
1241 294 1299 357 ali·
1312 305 1389 357 1013.

214 389 279 479 quid
304 389 351 452 ibi
381 387 492 451 acturi
521 390 695 451 venerunt.
749 385 817 450 Ubi
848 386 924 449 cibo
954 389 1107 468 potuque
1143 384 1297 457 distenti,

216 485 279 551 dum
304 477 409 540 nimia
442 476 579 559 potione
608 475 844 551 incaluissent,
879 475 969 537 sicut
1004 474 1153 538 ebrietas
1188 477 1300 536 mater

216 559 287 640 asel
310 565 397 628 solet
420 565 615 648 iurgiorum,
639 569 803 646 ceperunt
826 564 1005 627 adversum
1029 583 1096 639 eos,
1126 583 1205 626 cum
1229 562 1299 644 qui-

162 666 173 737 ’,
200 662 264 728 ebus
283 654 533 729 accumbebant,
563 655 697 736 ineptos
723 653 984 735 inconditosque
1008 672 1181 716 sermones
1205 651 1299 714 iacti·

215 757 273 814 tare
291 747 321 808 et
345 741 533 806 Saxonibus
556 742 725 825 ignaviam
745 743 982 825 exprobrare0,
1008 741 1100 823 quod
1123 761 1193 802 non
1213 740 1299 802 mili·

214 836 274 906 tari,
294 831 350 895 sed
366 832 466 894 ovina
489 834 602 895 mente
625 832 785 894 adversus
809 851 923 914 regem
943 852 1038 893 arma
1062 829 1298 912 sumpsissent.

211 921 368 1004 indignati
398 920 456 1002 qui
486 921 627 983 aderant
657 918 806 984 Saxones
836 920 1008 983 sedicione
1040 918 1215 982 concitata
1242 938 1299 982 eos

209 1009 448 1079 trucidaverunt
470 1008 627 1090 forasque
652 1008 898 1090 proiecenmt1.
947 1006 1047 1086 Quod
1078 1007 1140 1070 ubi
1163 1007 1217 1070 his
1241 1007 1300 1089 qui

161 1102 238 1166 min
256 1097 464 1179 Hartesburg
493 1092 610 1161 erantd
638 1101 850 1180 compertum
881 1101 947 1172 est,
980 1097 1100 1160 dedita
1129 1117 1234 1179 opera
1265 1116 1300 1160 se

206 1186 405 1253 inultionem
423 1186 590 1248 sociorum
610 1207 747 1249 suorum
771 1186 1007 1261 accinxerunt;
1033 1189 1068 1248 ct
1085 1185 1166 1267 quia
1181 1184 1300 1247 villam

145 1330 149 1335 .
203 1278 270 1341 rins
299 1275 455 1351 fortibus,
486 1273 585 1337 vallis
615 1279 649 1338 et
679 1275 762 1338 seris
792 1275 963 1357 undique⁰
993 1274 1163 1336 munitam
1191 1274 1300 1337 incur-

200 1386 262 1429 sare
287 1356 392 1426 hautf
411 1363 493 1425 satis
516 1367 630 1425 tutum
654 1364 850 1445 putabatur,
876 1364 956 1426 dolo
972 1384 1030 1426 eos
1054 1363 1301 1426 circumvenire

197 1452 365 1537 parabant.
390 1451 473 1514 Erat
489 1452 626 1534 quidam
640 1450 815 1516 Goslariae
832 1453 1008 1536 prefectus
1021 1452 1118 1515 Bodo
1131 1452 1269 1515 nomine
1278 1453 1299 1527 ²,

154 1541 257 1624 ¹reregi
285 1544 435 1622 tempore
468 1541 560 1622 pacis
584 1542 848 1624 acceptissimus,
880 1562 972 1604 nunc
996 1561 1131 1623 quoque
1159 1541 1302 1604 turbata

193 1650 222 1694 re
249 1628 392 1712 publica
422 1630 523 1692 fidem
553 1630 752 1693 inviolatam
783 1631 814 1694 ei
844 1651 992 1706 servans,
1024 1629 1159 1693 occulte
1183 1634 1302 1693 tamen

146 1716 151 1733 ²
192 1721 284 1781 metu
313 1717 496 1795 Saxonum,
528 1739 571 1782 ne
601 1719 832 1801 deprehensus
867 1719 1019 1783 factione
1055 1718 1150 1801 vulgi
1186 1718 1302 1781 omnia

191 1826 245 1869 sua
273 1806 457 1870 amitteret.
496 1807 553 1869 Isg
571 1809 713 1871 edoctus
737 1808 779 1871 ab
804 1808 857 1870 his
881 1808 1000 1890 quiin
1024 1807 1167 1871 castello
1192 1810 1300 1884 erant,

191 1897 354 1976 pastores,
390 1896 449 1977 qui
483 1893 751 1959 Goslariensium
790 1918 914 1979 pecora
948 1897 1145 1973 servabant,
1186 1897 1302 1980 precio

164 1984 353 2066 »corrupit
389 1987 429 2046 ut
463 2005 600 2066 gregem
631 1985 734 2068 paulo
764 1985 901 2068 longius
933 2008 953 2048 a
983 1986 1067 2048 villa
1095 1985 1133 2048 in
1164 1989 1301 2068 pastum

193 2069 346 2136 eicerent.
393 2072 489 2135 Missi
520 2074 561 2137 de
592 2074 733 2137 castello
764 2075 897 2156 equites
928 2096 968 2138 ea
997 2075 1154 2157 protinus
1182 2075 1301 2157 abege·

192 2163 279 2223 runt.
314 2160 448 2225 Caeteri
471 2162 507 2223 in
523 2163 696 2225 montibus
720 2168 755 2227 et
772 2163 865 2226 silvis
882 2164 1006 2227 armati
1030 2185 1065 2227 se
1082 2164 1301 2227 abdiderunt.

192 2243 325 2313 Perlato
356 2248 546 2313 Goslariam
576 2273 710 2315 rumore
744 2252 943 2315 abactorum
975 2273 1151 2335 pecorum,
1184 2253 1301 2315 unani·

193 2337 289 2402 miter
317 2340 360 2401 ad
391 2360 485 2402 arma
515 2340 744 2417 conclamant,
777 2341 917 2404 summis
952 2362 1070 2405 omnes
1100 2342 1230 2405 viribus
1266 2342 1302 2403 in

125 2431 359 2501 recortamen
382 2432 497 2504 ruunt,
522 2449 584 2492 nec
608 2429 786 2512 quisquam
811 2429 959 2493 alterum
982 2431 1212 2513 operiebatur,
1242 2430 1302 2493 sed

125 2501 129 2529 ⁵
192 2514 293 2578 citato
323 2517 465 2599 quisque
495 2521 661 2598 quantum
690 2521 825 2601 poterat
857 2540 944 2601 equo
974 2519 1068 2602 prior
1095 2520 1229 2583 hostem
1254 2519 1301 2581 in·

191 2605 282 2686 sequi
313 2606 518 2687 predamque
549 2609 708 2670 excutere
739 2607 981 2672 contendebat.
1030 2607 1089 2671 Illi
1121 2607 1300 2691 paululum

189 2693 271 2775 fuga
300 2693 462 2756 simulata
491 2694 659 2758 cedebant
689 2696 959 2778 insequentibus,
992 2697 1101 2760 donec
1128 2717 1186 2760 eos
1209 2695 1302 2757 ultra

190 2779 300 2844 locum
330 2782 530 2845 insidiarum
561 2783 718 2846 incautos
746 2786 998 2866 protraherent.
1045 2785 1141 2847 Tunc
1165 2782 1303 2845 sublato

138 2870 337 2952 mundique
368 2872 528 2947 clamore,
560 2875 632 2933 tam
663 2873 699 2934 hi
730 2874 788 2955 qui
823 2874 859 2936 in
890 2873 1033 2936 castello
1069 2874 1303 2935 remanserant

188 2979 289 3041 quam
312 2959 350 3021 hi
373 2960 431 3042 qui
455 2960 491 3021 in
515 2960 635 3023 ricinis
659 2962 834 3024 montibus
858 2983 893 3025 se
917 2961 1177 3024 occultaverant
1200 2958 1303 3039 irnpe-

185 3049 262 3109 tum
292 3048 328 3109 in
359 3069 415 3111 eos
446 3050 603 3111 iecerunt
634 3054 669 3112 et
698 3051 833 3112 tamdiu
869 3048 1026 3131 palantes
1061 3047 1303 3127 fugientesque

185 3137 459 3219 prosternebant,
485 3138 593 3201 donec
610 3159 679 3201 non
695 3139 793 3215 ratio,
819 3138 879 3201 sed
903 3136 973 3198 fusi
990 3134 1167 3218 sanguinis
1184 3135 1305 3197 horror

184 3245 226 3287 ac
265 3226 409 3289 sacietas
446 3219 641 3289 occidionih
675 3227 778 3290 finem
815 3226 981 3289 facerent.
1035 3224 1181 3306 Propter
1218 3224 1304 3286 haec

140 3317 222 3378 aet
253 3313 322 3376 alia
351 3314 549 3378 huiusmodi
573 3315 704 3397 placuit
729 3314 921 3379 Saxonibus
944 3314 1138 3396 proximum
1162 3311 1304 3375 castello

165 3400 311 3465 'collem
335 3424 502 3485 occupare
526 3403 721 3486 militesque
745 3405 930 3486 imponere,
963 3403 1022 3485 qui
1046 3405 1167 3465 contra
1191 3421 1305 3464 excur-

183 3491 299 3554 siones
322 3492 473 3554 hostium
498 3492 570 3555 sine
594 3493 847 3556 intermissione
870 3492 998 3555 intenti
1022 3490 1230 3573 sollicitique
1254 3511 1305 3554 ex·

184 3580 354 3644 cubarent
364 3581 386 3641 ³.
433 3580 505 3644 Nec
536 3581 585 3643 sic
612 3585 730 3643 tamen
753 3581 918 3643 audaciae
942 3600 1060 3643 eorum
1085 3580 1223 3642 modurn
1247 3579 1306 3640 im·

183 3745 208 3772 a.
223 3735 255 3772 ibi
270 3735 302 3773 rei
317 3735 344 3775 al.
359 3735 404 3775 Ba.
458 3733 615 3782 b)soletesse
632 3735 688 3775 131⁸.
738 3733 758 3781 c)
773 3733 970 3784 exprobarelssb.
1020 3734 1043 3780 d)
1058 3745 1098 3774 om.
1113 3733 1159 3774 Ba.
1212 3742 1233 3779 a)
1248 3742 1307 3773 mun.

145 3788 312 3832 munitm&
367 3786 578 3835 quendridae.
633 3788 773 3837 gustent.
827 3787 1057 3836 hlocclslonlBlAE.

187 3915 214 3965 ll
240 3913 314 3962 [loos
340 3913 436 3964 auilites
456 3913 580 3977 patibulo
605 3914 705 3976 affixos
729 3928 782 3962 erae
805 3929 822 3961 a
850 3909 1065 3961 Gosbrriensibus
1090 3908 1174 3957 tradit
1194 3907 1308 3958 Carruca

186 3983 210 4042 J,
229 3984 376 4037 raa—185.
440 3987 468 4047 2)
487 3984 582 4034 Dt'cnca
601 3984 665 4034 Boo
684 3983 824 4032 advocatus
837 3981 1018 4031 coslarenca
1035 3980 1065 4028 in
1083 3980 1157 4043 epist.
1171 3977 1309 4029 Hecelomb

186 4056 302 4120 episcopi
326 4055 571 4118 Hildeshcimeneia,
598 4053 762 4116 Sadendorf,
790 4053 853 4116 Καρ.
880 4050 903 4113 J,
927 4068 955 4117 p.
976 4053 1017 4113 11,
1045 4066 1088 4103 nr.
1109 4052 1133 4102 7.
1218 4053 1246 4114 3)
1264 4049 1307 4111 Cf.

187 4125 302 4175 Crtrrrtcn
322 4126 360 4189 H,
374 4127 516 4184 88—114,·
535 4127 630 4175 Bruma
648 4141 668 4177 a.
684 4126 728 4178 29.
