2842 5026
400 445 612 501 LAMPERTI
630 444 826 498 AXNALffl
863 447 898 498 A.
920 449 997 501 rote.
1212 450 1263 504 187

129 637 306 710 citarum&
344 631 435 692 Erat
459 628 592 710 quippe
608 628 662 688 rir
684 627 781 689 omni
806 646 932 707 genere
951 627 1119 689 virtutum
1145 627 1350 691 floren-1⁰7⁴·

135 725 273 796 tissimus
305 724 343 783 et
374 719 414 780 in
438 718 556 780 causis
585 720 661 778 tam
689 715 741 777 rei
765 712 926 796 publicae
949 735 1051 795 quam
1075 697 1367 780 aecclesiam

140 814 197 884 Dei
221 811 401 890 spectatae
433 797 574 887 sepiusb
603 802 802 885 probitatis.
849 801 917 864 Sed
950 823 1056 864 unum
1087 802 1124 863 in
1154 805 1261 867 tantis

147 897 312 969 virtutibus
336 895 470 958 vicium
502 898 682 972 tamquam
712 890 829 953 tenuis
851 890 888 951 in
912 889 1163 973 pulcherrimoe
1192 912 1260 954 cor

131 1009 211 1079 „pore
238 978 368 1048 nerus‘¹
404 980 601 1064 apparebat
613 981 633 1044 ¹.
670 978 775 1060 quod.
811 978 893 1039 dum
929 979 978 1040 ira
1013 978 1259 1051 incanduisset.

151 1083 265 1159 linguae
295 1093 368 1135 non
400 1070 489 1132 satis
520 1067 692 1130 moderari
718 1072 865 1149 poterat.
896 1067 956 1129 sed
986 1067 1023 1128 in
1046 1087 1164 1129 omnes
1187 1069 1407 1133 sinentem

153 1182 351 1253 personarum
368 1157 576 1240 acceptione
600 1156 692 1217 rixas
716 1162 752 1217 et
769 1154 923 1216 convicia
939 1154 1152 1217 amarissima
1173 1162 1260 1220 rotu-

155 1258 206 1320 bat.
246 1249 323 1312 Hoc
348 1249 387 1309 in
411 1267 459 1316 se,
492 1266 571 1308 eum
603 1243 690 1305 iram
719 1241 901 1324 paululum
924 1243 1131 1323 digessisset.
1163 1245 1260 1310 vehe-

155 1344 263 1407 menter
278 1342 314 1401 et
330 1337 406 1418 ipse
423 1331 715 1416 reprehendebat.
740 1330 806 1391 Vix
822 1330 865 1392 ad
879 1331 1052 1393 modicum
1065 1331 1255 1414 dirempta⁰

131 1435 194 1496 aest
212 1423 433 1491 concertatio.
479 1420 547 1484 Sed
572 1421 670 1483 ferox
694 1411 840 1480 animiss
859 1424 894 1481 et
917 1420 1030 1482 elatus
1055 1418 1163 1500 primo
1187 1441 1259 1487 suc·

154 1537 230 1583 sessu
258 1513 395 1576 iuvenis
426 1532 498 1572 non
529 1507 688 1571 cessabat
717 1507 949 1570 interturbare
973 1507 1097 1579 omnia,
1126 1528 1260 1589 percur-

152 1624 275 1685 rensque
300 1600 482 1664 civitatem
500 1597 613 1659 varios
636 1615 811 1658 sermones
835 1615 895 1677 per
910 1595 1076 1678 populum
1099 1598 1258 1663 serebat‘

151 1693 184 1756 de
209 1688 394 1753 insolentia
429 1691 466 1750 et
502 1684 708 1747 austeritate
743 1681 1001 1767 archiepiscopi,
1037 1684 1096 1764 qui
1130 1686 1260 1753 totiens

147 1780 261 1841 iniusta
291 1767 524 1860 preciperetl,
556 1773 687 1835 totiens
716 1771 959 1835 innocentibus
989 1792 1051 1834 sua
1080 1772 1258 1853 adimeret,

125 1867 260 1930 :statiens
277 1862 543 1928 honestissimos
560 1861 651 1924 cives
668 1859 916 1942 procacissimis
931 1860 1044 1924 verbis
1062 1860 1258 1931 incesseret.
1290 1916 1294 1922 .

139 1951 206 2017 Nec
223 1952 369 2017 difficile
393 1952 465 2013 fuit-
489 1950 525 2011 id
548 1949 728 2011 homiuum
745 1968 853 2029 genus
876 1948 912 2010 in
928 1969 1029 2012 omne
1045 1950 1137 2032 quod
1153 1955 1260 2020 velles

136 2043 310 2126 tamquam
334 2040 460 2103 folium
478 2038 570 2119 quod
584 2042 687 2099 vento
707 2037 841 2117 rapitur
856 2039 1111 2109 transformare,
1132 2043 1259 2128 quippe

129 2128 190 2206 qui
217 2132 258 2194 ab
283 2131 430 2193 ineunte
455 2130 571 2189 aetate
594 2126 686 2188 inter
702 2125 850 2188 urbanas
867 2126 1008 2190 delicias
1031 2125 1170 2192 educati
1186 2134 1259 2195 nul·

126 2209 202 2280 lam
237 2220 274 2281 in
311 2209 465 2281 bellicisi
500 2214 603 2277 rebus
634 2212 879 2294 experientiam
911 2215 1100 2289 habebant,
1132 2221 1259 2303 quique

125 2312 211 2380 post
229 2306 392 2370 venditas
417 2324 546 2366 merces
570 2302 662 2363 inter
684 2301 765 2363 vina
788 2306 823 2364 et
846 2303 965 2385 epulas
989 2303 1032 2367 de
1055 2325 1091 2368 re
1115 2308 1259 2373 militari

125 2385 305 2479 disputari
323 2392 419 2456 soliti
435 2391 551 2454 onmia
574 2411 661 2471 quae
677 2390 792 2452 animo
808 2393 1036 2456 occurrissent
1051 2397 1124 2457 tam
1140 2397 1259 2462 facilia

125 2472 230 2546 factu
255 2504 361 2564 quam
387 2480 483 2543 dictu
508 2478 689 2561 putabant.
721 2478 833 2541 exitus
857 2501 969 2544 rerum
994 2483 1108 2545 metiri
1133 2489 1257 2552 nescie-

125 2561 227 2634 bant.
277 2571 443 2633 Preterea
466 2568 502 2629 iu
526 2570 676 2630 mentem
701 2567 861 2631 veniebat
877 2569 1187 2639 Wormaciensium
1210 2577 1257 2639 in-

125 2656 230 2743 signe
262 2658 527 2741 preclarumque
558 2656 702 2721 facinus.
736 2657 827 2737 quod
857 2658 1056 2741 episcopum
1086 2682 1186 2726 suum
1210 2666 1257 2728 in·

129 2749 304 2813 solentius
336 2766 437 2829 agere
468 2743 691 2826 incipientem
723 2744 807 2808 urbe
838 2746 1050 2828 expulissent
1060 2751 1080 2825 ²,
1113 2757 1148 2815 et
1179 2775 1257 2818 cum

132 2834 197 2921 ipsi
234 2833 473 2901 multitudine.
514 2832 637 2914 opibus
675 2832 844 2915 armisque
879 2834 1138 2902 instructioresk
1176 2843 1255 2919 sint,

138 2916 406 3007 dedignantur¹,
447 2921 539 3003 quod
577 2921 756 2984 interiores
795 2923 1000 2987 estimantur
1038 2928 1183 2993 audacia
1222 2935 1257 2994 et

138 3013 434 3095 arehiepiscopum
459 3008 661 3072 tirannicom
685 3009 750 3072 sibi
774 3010 869 3074 fastu
891 3012 1149 3095 imperitantem
1173 3023 1256 3080 tam-

138 3103 192 3165 diu
224 3098 445 3162 muliebriter
475 3098 663 3179 patiantur.
716 3097 910 3163 Conferant
940 3101 1104 3184 primores
1138 3105 1257 3188 inepta

125 3190 289 3261 »consilia
316 3187 425 3250 saevit
441 3185 565 3268 vulgus
580 3186 813 3268 intemperans
830 3209 995 3251 novarum
1010 3211 1124 3254 rerum
1140 3193 1256 3257 studio

136 3284 168 3344 et
199 3298 263 3361 per
294 3280 404 3338 totam
437 3274 613 3337 civitatem
644 3274 768 3356 spiritu
804 3276 974 3339 diabolico
1005 3283 1181 3360 raptatum
1211 3282 1256 3345 ad

135 3389 230 3431 arma
261 3363 466 3428 conclamat.
513 3361 586 3425 Nec
616 3363 684 3423 iam
715 3364 1009 3447 arehiepiscopum
1038 3368 1121 3432 urbe
1146 3371 1256 3453 expel-

135 3456 203 3520 lere
229 3455 321 3516 sicut
340 3450 624 3523 Wormacienses,
650 3450 709 3512 sed
734 3472 795 3534 per
817 3472 934 3516 omnes
958 3454 1131 3520 cruciatus
1154 3459 1256 3522 truci·

135 3546 231 3611 dare,
270 3543 298 3604 si
338 3541 437 3622 copia
472 3540 582 3614 detur,
620 3539 827 3622 conspiratl.
881 3541 1018 3605 Natalis
1053 3550 1127 3608 erat
1163 3547 1256 3611 beati

125 3631 278 3712 >Georgii
309 3629 468 3704 martiris,
501 3628 559 3710 qui
588 3648 627 3690 eo
656 3649 746 3692 anno
769 3628 881 3690 ΙΙΙΙ.0
909 3630 1016 3694 ferial’
1045 3633 1256 3700 ebdomadae

135 3719 309 3804 paschalis
332 3717 553 3787 obveneratl.
586 3720 621 3779 et
645 3717 921 3801 archiepiscopus
945 3720 1120 3785 celebrata
1143 3724 1256 3788 missa·

134 3831 211 3872 rum
232 3807 451 3870 solemnitate
476 3805 567 3887 apud
585 3805 731 3868 Beatum
748 3805 945 3890 Georgium,
971 3830 1050 3873 cum
1066 3832 1256 3878 sermonem

136 3990 158 4028 a)
173 3991 245 4020 roera,
260 3982 279 4017 A
291 3981 308 4019 1.
324 3979 368 4019 Bl.
430 3976 453 4025 b)
468 3987 521 4026 sepe
534 3977 594 4018 ΒΗ).
656 3977 677 4027 e)
690 3979 823 4027 pulcerrimo
837 3979 897 4022 31¹¹.
958 3981 981 4030 d)
995 3993 1083 4031 namus,
1098 3985 1176 4023 ηοω(
1190 3995 1256 4023 manu

135 4046 193 4075 cerr.
207 4044 291 4070 naevus
307 4029 366 4071 Blb.
420 4039 441 4077 e)
456 4031 543 4078 direpta
557 4032 602 4072 Bt.
658 4033 674 4075 sl
688 4033 774 4071 animus
789 4033 833 4074 Bt.
887 4037 910 4082 g)
924 4035 1024 4074 serenata
1039 4035 1096 4076 131¹.
1144 4037 1255 4086 blpclpa·

125 4087 245 4126 metam.
300 4083 529 4133 nminednlsarn.
584 4084 838 4133 minstmewreearb.
885 4084 1121 4136 l)lndlgnanturBt,
1169 4090 1199 4136 m)
1213 4095 1256 4140 tyr.

137 4143 182 4181 Al.
197 4140 243 4179 Bt.
259 4138 279 4179 V.
338 4138 361 4186 n)
376 4138 503 4184 conspirant
523 4136 544 4175 l'.
603 4137 625 4187 o)
639 4144 720 4185 quarta
734 4137 819 4180 Blae.
875 4140 898 4187 p)
912 4140 982 4178 trater
996 4143 1031 4187 (aa
1045 4140 1174 4189 r‘r).41.-
1189 4140 1255 4184 hebd.

137 4198 156 4234 Α
165 4196 182 4234 1.
198 4191 257 4233 Isth,
312 4204 325 4238 q
327 4200 335 4239 )
349 4191 472 4229 alluenerat
486 4190 536 4240 Βῆ
551 4191 631 4232 obuen.
645 4212 670 4219 -
685 4192 823 4231 solemnitate
838 4191 870 4228 ea
883 4203 925 4234 scr,
938 4192 996 4235 1³1⁸.

138 4338 165 4399 1)
188 4333 230 4395 Cf.
251 4331 349 4384 Horat.
368 4331 424 4383 Sat.
450 4332 473 4392 l,
491 4335 516 4393 s,
536 4334 569 4385 66
582 4347 638 4396 sq:
665 4331 741 4383 velut
766 4332 787 4383 si
814 4331 923 4400 egregio
949 4332 1084 4402 inspersos
1109 4336 1256 4405 reprendas

137 4419 251 4470 corpore
270 4417 377 4453 naevos.
414 4401 548 4454 HESSE.
620 4405 647 4468 2)
667 4403 710 4465 Cf.
729 4418 815 4470 supra
830 4420 859 4470 p.
878 4404 929 4460 185
938 4419 976 4472 sq.
