2842 5026
400 431 598 488 LAMPERTI
615 433 804 489 Abannae.
840 434 877 487 Δ.
897 438 975 491 1οῖ5.
1200 438 1253 491 243

131 617 167 678 et
190 614 442 679 familiaritatis
470 617 613 699 gradum
637 616 803 694 obtinuit,
833 618 899 681 hoc
923 617 1085 702 precipue
1110 617 1252 701 diligen·

130 702 227 766 tibus
251 705 347 769 ineo
370 705 528 770 omnibus
545 705 650 779 bonis,
675 706 767 790 quod
783 706 867 769 iusti
890 726 929 769 ac
953 707 1040 770 recti
1064 707 1249 771 admodum

126 794 237 857 tenax
263 797 336 857 erat
359 797 463 876 atque
485 794 522 857 in
544 794 701 858 omnibus
721 795 833 859 causis
857 816 918 879 pro
942 815 1004 859 suo
1022 798 1120 858 tum·
1143 799 1249 873 statu,

128 900 202 943 non
233 882 407 947 adulando
430 885 470 946 ut
493 884 633 961 caeteri,
665 884 724 948 sed
748 905 825 947 cum
855 905 980 967 magua
1010 883 1173 949 libertate
1196 885 1251 949 ob·

128 967 306 1052 loquendo
332 965 510 1036 iusticiaeb
537 973 828 1057 patrocinabatur.
874 972 959 1035 Erat
988 977 1105 1037 autem
1135 978 1251 1058 preter

128 1057 279 1123 virtutes
303 1059 407 1123 animi
430 1063 466 1124 et
488 1082 620 1125 morum
647 1060 793 1144 gloriam
816 1062 968 1145 corporis
991 1081 1127 1145 quoque
1151 1063 1250 1127 bonis

130 1148 383 1224 ornatissimus,
422 1152 556 1213 statura
590 1169 763 1233 procerus,
799 1148 899 1213 vultu
935 1150 1093 1225 decorus,
1130 1149 1249 1234 lingua

131 1240 311 1389 dell?
313 1289 325 1362 ὲ
345 1237 597 1411 ἳΐὲέᾝήῗ
612 1238 1249 1392 1111131ῗί1ᾞὲᾎὶῗὲἕέ

133 1412 266 1477 affatim
289 1414 488 1478 instructus.
529 1415 666 1479 Exactis
689 1417 727 1478 in
749 1416 884 1500 palacio
907 1416 1021 1481 haud⁰
1050 1416 1170 1480 multis
1193 1439 1248 1481 an·

134 1501 197 1579 nis,
227 1523 353 1585 magna
379 1503 609 1588 imperatoris,
640 1526 765 1587 magna
788 1506 941 1568 omnium
964 1505 1024 1588 qui
1047 1525 1126 1569 eum
1150 1527 1248 1571 nove

135 1594 208 1654 rant
229 1592 467 1675 expectatione
491 1592 637 1677 adeptus
653 1597 706 1657 est
722 1592 961 1658 coloniensem
978 1594 1336 1678 archiepiscopalem.

135 1672 268 1755 mnf-1,
293 1683 396 1762 atque
417 1681 467 1744 ita
487 1681 648 1767 deinceps
668 1683 704 1744 in
721 1683 880 1746 omnibus
895 1685 969 1745 tam
985 1683 1248 1747 aecclesiasticis

135 1787 232 1849 quam
257 1768 488 1852 reipublicae
516 1771 667 1853 negociis
694 1771 807 1834 haud⁰
836 1772 1002 1855 imparem
1026 1791 1061 1835 se
1085 1775 1248 1855 acceptae

132 1856 295 1940 dignitati
325 1858 481 1940 gerebat,
511 1862 546 1923 et
573 1860 663 1923 sicut
686 1860 846 1923 edicioris
869 1859 936 1923 loci
959 1860 1166 1944 insignibus,
1197 1861 1248 1925 ita

128 1947 265 2010 cunctis
295 1947 462 2010 iirtutum
492 1943 688 2030 ‘generibus
717 1949 809 2012 inter
838 1952 992 2012 caeteros
1026 1949 1125 2031 regni
1159 1949 1248 2032 prin·

125 2035 222 2119 cipes
252 2036 454 2118 conspicuus
483 2036 676 2100 incedebat.
723 2037 927 2100 Reddebatss
960 2036 1129 2101 sollicitus
1159 2057 1393 2120 quaerenda.

125 2128 211 2187 sunt
242 2125 367 2189 cesaris
397 2125 504 2188 cesari
533 2128 569 2188 et
598 2146 686 2208 quae
715 2129 796 2188 sunt
827 2125 893 2190 Dei
923 2125 1008 2201 Deo,
1040 2126 1121 2209 quia
1150 2125 1247 2190 Colo

125 2207 279 2277 aiensisll
306 2213 453 2277 nominis
476 2214 692 2279 maiestatem
716 2218 752 2278 et
775 2213 963 2278 secularem
993 2235 1152 2298 pompam
1180 2236 1247 2278 arn·

125 2302 293 2366 oiciosius
317 2322 403 2385 pene
427 2323 529 2385 quam
552 2302 677 2384 aliquis
700 2323 741 2366 ex
765 2303 1017 2385 precessoribus
1041 2304 1114 2368 eius
1137 2308 1247 2368 osten·

125 2391 229 2455 sabat
258 2392 302 2455 ad
326 2392 501 2474 populum,
532 2411 595 2455 nec
619 2394 802 2474 propterea
825 2395 941 2456 tamen
965 2392 1131 2456 invictum
1155 2392 1248 2456 inter

125 2484 246 2543 tantas
269 2481 533 2564 occupationum
564 2480 732 2563 procellas
761 2480 921 2562 spiritum
945 2501 1096 2563 unquam
1120 2480 1246 2545 relaxa·

125 2569 191 2633 bat
221 2591 243 2632 a
273 2568 387 2632 studio
411 2569 603 2632 divinarum
631 2589 756 2633 rerum.
803 2568 940 2633 Crebris
962 2569 1100 2633 ieiuniis
1123 2590 1246 2653 corpus

125 2677 230 2721 snum
255 2658 451 2722 macerabat
466 2661 502 2721 et
518 2658 555 2720 in
571 2657 772 2721 servitutem
789 2657 979 2739 redigebat.
1014 2657 1247 2722 Pernoctabat

125 2745 332 2830 plerumque
355 2747 391 2808 in
414 2745 628 2810 orationibus
652 2748 688 2810 et
711 2767 772 2828 per
794 2746 987 2823 aecclesias,
1016 2767 1085 2810 uno
1109 2749 1246 2808 tantum

126 2855 237 2919 puero
261 2838 444 2899 contentus
468 2835 593 2898 comite
601 2835 622 2910 ²,
646 2835 749 2897 nudis
772 2834 918 2917 pedibus
942 2834 1165 2898 discurrebat.
1201 2832 1247 2895 Et

130 2924 223 2988 diem
247 2924 384 3006 quidem
416 2924 452 2986 in
475 2923 697 3006 disponendis
726 2923 869 3007 privatis
892 2944 953 2987 seu
976 2923 1124 3005 publicis
1146 2940 1246 3002 nego·

130 3012 202 3087 ciis,
228 3017 363 3076 noctem
380 3033 460 3076 vero
475 3015 586 3075 totam
609 3012 646 3074 in
664 3032 766 3094 opere
783 3011 849 3075 Dei
873 3010 1098 3094 expendebat.
1134 3007 1248 3071 Multa

128 3100 225 3164 illius
243 3102 279 3163 in
297 3120 473 3184 pauperes,
497 3101 533 3162 in
550 3100 757 3183 peregrinos,
781 3100 817 3161 in
834 3098 985 3171 clericos,
1010 3099 1045 3159 in
1062 3096 1248 3160 monachos

128 3189 340 3272 benignitas,
372 3190 459 3252 mira
488 3188 679 3252 liberalitas
709 3191 783 3252 erat
793 3189 815 3248 ².
861 3185 1003 3249 Nullam
1031 3177 1140 3247 intra¹
1179 3183 1247 3246 dio

129 3279 233 3343 cesim
259 3298 354 3340 suam
379 3277 683 3359 congregacionem
707 3275 925 3359 pretermisit.
957 3293 1060 3355 quam
1083 3291 1152 3334 non
1175 3291 1247 3353 pre·

128 3367 212 3438 diis
253 3366 434 3441 aedificiis,
474 3365 671 3450 stipendiis,
711 3384 773 3427 sua
807 3353 1024 3445 specialiter¹¹
1062 3358 1247 3423 donatione

128 3459 268 3519 auctam
284 3455 356 3517 rita
373 3454 541 3518 decedens
561 3453 780 3534 relinqueret.
812 3450 858 3512 Elt
873 3449 975 3532 plane
997 3439 1106 3531 apud¹
1130 3466 1247 3510 omnes

127 3544 274 3607 indubia
297 3543 365 3606 fide
382 3542 548 3616 constitit,
573 3562 613 3605 ex
636 3561 705 3624 quo
721 3538 865 3603 Colonia
887 3536 1036 3600 fundata
1059 3539 1121 3611 est,
1145 3534 1248 3597 unius

127 3652 306 3715 nunquam
337 3631 488 3714 episcopi
518 3630 634 3693 studio
661 3631 800 3691 tantum
830 3645 912 3709 opes
942 3628 978 3689 et
1007 3624 1152 3708 gloriam
1180 3642 1248 3686 cre·

128 3720 217 3784 visse
242 3719 456 3783 Coloniensis
486 3718 681 3782 aecclesiae.
735 3715 778 3777 In
808 3712 1001 3777 iudicandis
1032 3711 1142 3776 causis
1172 3711 1248 3774 sub·

129 3809 282 3872 ditorum
311 3828 373 3872 nec
397 3807 477 3871 odio
500 3826 563 3870 nec
591 3805 704 3888 gratia
727 3804 929 3885 cuiusquam
956 3821 977 3865 a
1000 3821 1080 3865 vero
1103 3799 1247 3862 abduce·

129 3896 243 3971 batur,
268 3896 328 3960 sed
345 3915 478 3978 semper
500 3895 536 3957 in
553 3893 710 3957 omnibus
727 3890 937 3976 propositam
955 3885 1248 3953 indeclinabiliter

128 4051 152 4097 al
166 4055 241 4090 tamen
255 4049 289 4101 (ui
303 4050 351 4096 31)
366 4048 455 4089 elba.
524 4048 547 4098 b)
565 4047 644 4087 lualice
658 4047 717 4086 311.
785 4044 806 4095 e)
824 4046 872 4084 omi
886 4041 948 4082 311.
1015 4039 1039 4090 d)
1057 4039 1186 4080 axerttrlum
1199 4037 1247 4076 38.

129 4106 151 4151 e)
165 4103 220 4143 aaut
235 4104 294 4142 311.
336 4103 520 4152 aepiscopatum
534 4102 581 4140 Al.
622 4096 893 4148 mundanalium.
935 4093 1056 4141 meallen.
1070 4091 1118 4130 Bt.
1159 4088 1248 4139 blatea·

129 4155 191 4197 311.
200 4158 220 4196 2.
234 4156 256 4195 l'.
311 4156 335 4205 k)
349 4155 442 4206 speciali
455 4155 502 4194 32.
557 4153 574 4204 1)
587 4164 629 4193 on.
643 4152 703 4200 311,
717 4151 755 4188 ubl
767 4159 843 4188 omnes
857 4149 890 4186 bu
902 4158 954 4194 scr„
968 4145 1032 4184 mal
1044 4143 1112 4182 ululo
1125 4142 1166 4180 dcl.

131 4264 158 4328 1)
176 4263 220 4325 Cf.
239 4279 324 4329 supra
341 4279 370 4328 p.
384 4264 427 4316 68.
480 4262 508 4326 2)
527 4260 570 4322 Of.
583 4257 657 4324 Sulp.
670 4256 761 4308 Semi
773 4255 834 4304 Via
846 4251 966 4303 Martini
981 4264 1003 4302 e.
1015 4251 1047 4303 2:
1066 4261 1121 4299 uno
1139 4248 1247 4298 tantum

128 4348 208 4385 servo
228 4331 327 4385 comite
346 4334 490 4384 contentus
508 4334 589 4396 (qum
607 4331 636 4378 r'n
651 4328 711 4377 Vita
723 4326 796 4378 Ana.
808 4324 832 4386 Ι,
844 4325 871 4378 5.
888 4325 993 4371 mama
1004 4321 1080 4383 aaut)
1093 4357 1101 4371 .
1113 4357 1120 4370 .
1134 4355 1141 4370 .
1157 4313 1248 4367 Multa

130 4403 172 4456 illi
185 4403 256 4456 circa
269 4402 467 4456 commilitones
479 4397 640 4467 benignitas,
658 4395 727 4448 mira
739 4393 844 4446 caritas.
873 4390 918 4454 cf.
929 4405 1015 4457 cupra
1023 4404 1053 4455 p.
1062 4389 1106 4453 68,
1121 4386 1140 4438 1.
1151 4387 1194 4441 28.
1204 4387 1247 4439 24.

984 4492 1035 4550 16*
