2842 5026
227 461 323 517 LXVI
596 458 822 514 PRAEFATIO
841 457 870 515 0.
881 458 918 518 V.
927 456 979 515 VI.

222 649 357 723 partem,
382 641 418 705 in
441 662 504 722 qna
528 641 719 721 Lampertns
741 638 922 703 Annalium
945 637 1225 717 Hersfeldensinm
1252 659 1352 702 enarr·

222 731 301 811 plor
330 728 508 811 exscripsit,
540 750 577 793 ea
601 727 792 809 praesertim
822 729 1008 791 adnotanda
1037 733 1141 807 erant,
1174 748 1254 808 qaae
1284 726 1352 807 ipse

227 817 404 882 immutavit
442 818 490 881 oet
526 815 660 881 addidit.
713 816 757 880 In
790 836 828 879 ea
860 821 968 897 parte,
1004 835 1085 895 qnae
1123 815 1215 897 reani
1249 815 1352 879 Hein-

228 907 290 971 rioi
313 906 389 969 III.
413 912 442 970 et
464 904 616 969 Heinriei
639 905 705 968 IV.
730 925 833 968 annos
859 909 1101 968 loss—1069.
1126 903 1349 984 eornpleditnr,

222 995 408 1076 pleroma-ae
430 993 510 1058 satis
532 992 700 1056 babnimas
723 992 850 1057 lectores
879 994 924 1056 ad
952 992 1049 1056 libros
1078 992 1241 1074 releaasse,
1274 1012 1375 1072 qaoss

237 1084 308 1148 VV.
330 1082 388 1148 Cll.
406 1083 447 1146 Ε.
462 1080 644 1158 Steimlorff
661 1088 689 1144 et
715 1079 755 1145 G.
770 1080 883 1163 Meyer
905 1101 966 1144 oon
984 1081 1129 1146 Knonan
1152 1083 1190 1144 de
1213 1079 1351 1144 bistorio

229 1172 340 1235 boram
369 1191 477 1252 reatem
507 1175 755 1250 composuerant,
794 1168 906 1249 onibus
930 1168 1030 1250 plina
1060 1169 1217 1248 debemus,
1253 1189 1352 1249 qnam

228 1259 366 1340 sinordis
389 1259 465 1324 loris
487 1261 641 1323 adnotare
664 1264 851 1338 oportunam
869 1257 1043 1322 sitiebatur.
1082 1263 1133 1322 Aa
1155 1257 1352 1321 rebastenter

230 1348 325 1426 doleo,
356 1348 439 1428 qnod
467 1346 617 1410 historiae
640 1345 792 1410 Heinrim‘
815 1344 880 1409 IV.
906 1345 1048 1427 primam
1080 1352 1203 1409 tantam
1232 1352 1352 1409 tomam

229 1457 250 1499 a
278 1435 414 1499 Geroldo
437 1436 551 1517 Meyer
573 1456 633 1498 ron
654 1435 798 1499 Knonan
821 1433 942 1515 eareaie
966 1433 1175 1514 cormoriptnm
1198 1433 1234 1497 in
1257 1453 1351 1497 sisinn
1363 1455 1388 1494 ιο

229 1544 340 1588 soeare
356 1523 524 1605 potuerim,
549 1544 624 1586 narn
640 1525 680 1585 ab
696 1545 727 1586 α.
744 1529 837 1603 1069,
861 1542 922 1603 ooo
945 1521 996 1586 bie
1019 1521 1143 1602 desinit,
1168 1529 1234 1585 tam
1249 1521 1350 1602 fideli,

229 1619 294 1675 tam·
315 1632 419 1693 anaro
442 1614 518 1676 dirce
541 1611 705 1675 destitutas
727 1610 812 1675 riam
836 1609 1062 1692 perdifficilem
1093 1610 1159 1692 ipse
1182 1610 1351 1691 inrestiya·

229 1721 295 1764 rem
318 1699 462 1780 oportuit,
480 1699 649 1780 permultis
672 1698 763 1763 libris
783 1698 956 1779 libellisque
971 1698 1132 1762 adhibitis.
1169 1699 1239 1764 Nee
1253 1697 1353 1777 facile

229 1787 293 1867 snit
316 1794 419 1864 cantii,
444 1809 483 1851 ne
506 1786 620 1868 minas,
640 1786 830 1868 praesertim
846 1808 885 1851 ne
901 1785 1003 1850 niniia
1026 1786 1221 1864 afferrentur
1244 1786 1351 1851 estiis

229 1897 309 1957 qnae
332 1875 493 1941 innumeri
515 1876 583 1955 fere
606 1875 670 1939 riri
693 1875 774 1941 docti
803 1877 848 1939 ad
875 1876 934 1939 bas
963 1896 1015 1939 res
1043 1875 1248 1956 smt'psernnt,
1280 1896 1388 1940 earnis

230 1985 294 2029 non
318 1963 574 2029 commentari-mn
597 1963 778 2027 Annalimn
794 1963 959 2044 lamperti
981 1963 1116 2028 seribere
1139 1970 1350 2043 annotasset,

229 2054 285 2116 sed
313 2074 351 2116 ea
380 2058 502 2117 tantam
532 2054 693 2133 adnotare,
724 2073 804 2133 qnae
832 2058 887 2115 ant
910 2054 955 2115 ad
975 2051 1201 2133 intelleaendas
1228 2058 1284 2115 ant
1308 2053 1354 2116 ad

230 2140 456 2206 diindioandas
490 2140 693 2204 narrationes
726 2140 794 2205 eins
828 2139 1008 2205 rreoessaria
1041 2140 1239 2205 ridebantur.
1302 2140 1352 2204 Ao

224 2228 409 2311 pleramque
431 2229 533 2293 satias
556 2228 634 2292 deiri
656 2228 793 2310 reliquos
812 2229 916 2308 sontes
931 2227 1082 2292 historiae
1097 2228 1186 2293 illias
1201 2228 1352 2310 tentatoris

230 2317 371 2381 attulisse
400 2338 496 2398 qnam
525 2339 563 2380 ea
591 2338 670 2397 qnae
698 2316 816 2381 nostris
838 2316 1027 2398 temporibus
1050 2318 1086 2379 de
1110 2338 1148 2380 ea
1171 2316 1389 2398 conscriptam

230 2412 331 2470 erant.
383 2406 473 2471 llnde
495 2426 585 2486 spero
608 2405 686 2486 fore,
712 2426 751 2469 ne
773 2405 920 2487 obiaraer
942 2404 1080 2469 libellam
1103 2408 1261 2486 qnondam
1284 2426 1351 2469 mm

230 2493 362 2573 monisse,
393 2514 481 2574 qirem
513 2514 576 2557 non
608 2493 776 2573 attirlerim,
807 2515 874 2558 cirne
900 2494 1074 2573 pernrmltos
1102 2514 1181 2558 sane
1209 2493 1349 2575 leaerim,

230 2602 307 2663 qnos
336 2604 375 2646 ne
404 2604 467 2646 mm
498 2581 620 2663 quidem
651 2583 716 2647 loco
747 2602 986 2647 corrnnemorare
1017 2603 1137 2646 riecesse
1167 2581 1269 2646 risam
1294 2588 1349 2645 est.

230 2671 387 2735 Loeoram
410 2671 540 2736 nomina
564 2670 718 2734 bodierna
741 2692 779 2735 ae
801 2670 896 2735 sitnm
919 2670 953 2734 in
979 2670 1082 2734 indiee
1104 2671 1266 2734 adnotari.
1307 2671 1351 2734 Et

231 2780 300 2824 enm·
322 2760 420 2823 nndta
444 2759 509 2822 iam
533 2761 570 2822 de
593 2779 733 2822 sannone
746 2759 917 2840 Larrnnrti,
943 2760 980 2822 de
996 2758 1149 2823 reterilms
1167 2758 1387 2823 anetoribnsrs

231 2847 270 2910 ob
299 2869 333 2911 eo
363 2846 449 2912 leolis
478 2848 596 2927 scripta·
625 2853 733 2928 essent,
765 2869 804 2911 ne
834 2852 934 2911 testas
964 2846 1014 2909 bis
1044 2847 1218 2911 subnotatis
1246 2847 1351 2911 nirnia

230 2935 308 2999 mole
338 2935 577 2999 adnotationum
607 2937 797 3016 obniteretur,
829 2956 992 3016 peroranda
1027 2935 1111 2999 diota
1145 2935 1351 3016 antiquorum

231 3029 392 3088 anotornm
415 3046 436 3087 a
460 3025 629 3106 Lairmerto
652 3030 806 3105 risinmata
829 3025 864 3087 in
888 3023 972 3088 notis
994 3023 1096 3097 attali,
1128 3026 1184 3088 sed
1212 3023 1351 3089 indicem

229 3112 364 3193 subdidi,
389 3133 449 3193 qno
464 3112 679 3177 rriemorabilos
699 3112 868 3178 locationes
883 3112 992 3194 oolleai
1007 3118 1206 3193 marmoratas
1222 3134 1293 3177 eitra
1308 3112 1352 3175 iis

230 3200 432 3281 antiquaram
456 3208 627 3282 anotornm,
659 3221 736 3281 qnos
758 3201 812 3265 ille
833 3200 977 3265 imitatas
999 3222 1064 3264 esse
1086 3200 1260 3280 videbat-ar,
1293 3200 1387 3264 oli-so

229 3290 414 3369 qnantnlnm
445 3290 568 3371 quide-m
600 3289 660 3353 bar
689 3289 724 3353 in
754 3311 788 3354 re
817 3290 946 3355 adintns
976 3289 1018 3353 iis
1047 3310 1128 3370 qnae
1159 3290 1218 3353 Fr.
1243 3289 1349 3370 loisel,

229 3377 312 3442 Arta
341 3378 451 3443 semin.
476 3379 612 3459 Erlony.
638 3379 690 3458 H,
709 3401 745 3458 p.
764 3383 827 3442 405
844 3399 919 3458 sqq„
952 3379 993 3441 F.
1010 3378 1177 3442 Roobroler
1199 3377 1234 3442 in
1260 3376 1351 3441 ‘For-

229 3465 387 3547 solnmaen
399 3488 458 3531 ma
470 3467 649 3531 Derrtsoben
666 3466 856 3531 Gesdriobte’
871 3466 987 3547 XXV,
999 3489 1034 3547 p.
1049 3472 1111 3529 571
1121 3487 1197 3547 sqq„
1215 3467 1265 3529 M.
1276 3466 1351 3529 Μα-

229 3553 329 3618 nitins
352 3554 387 3618 in
412 3554 466 3618 ίΝ.
484 3555 615 3619 Arcbio'
635 3555 723 3634 XII,
742 3578 777 3636 p.
796 3561 858 3618 371
876 3576 941 3636 sqq.
968 3561 1041 3634 595,
1067 3556 1108 3618 A.
1123 3555 1350 3634 Parmeniona,

231 3641 391 3706 ‘Lonibert
418 3665 478 3707 ron
503 3643 658 3722 Hersfeld
685 3645 742 3708 der
773 3645 859 3722 Verf.
884 3646 938 3707 des
972 3643 1119 3708 Cornren’
1150 3643 1387 3723 colleaer·nnt,ss

228 3731 285 3794 sed
299 3731 399 3812 plima
422 3731 516 3795 ntilia
539 3731 603 3795 iam
628 3732 669 3795 F.
687 3733 726 3795 L.
744 3733 845 3796 Hesse
868 3732 942 3796 olim
965 3734 1181 3795 adnotarerat.

333 3891 391 3953 VI.
437 3891 495 3956 De
518 3890 754 3954 Annalibus
784 3890 1259 3973 Weissenblirinensibus.

341 3997 419 4060 (lom
449 3996 613 4061 arirralista
644 3997 951 4077 Weissonlmrqensis
981 3998 1140 4079 erenmlar
1168 3996 1350 4065 Annalium

229 4085 506 4163 Horefelden-sinm
538 4091 735 4150 ros—984.
760 4086 942 4167 prosinnim
974 4086 1036 4166 illi,
1068 4106 1127 4166 qno
1158 4086 1351 4167 Lampertns

229 4195 306 4237 nsns
328 4181 380 4251 est,
405 4173 605 4256 essoripserit
616 4176 635 4255 ¹,
660 4174 728 4239 eins
751 4176 885 4240 arrrrales
907 4197 928 4237 α
952 4176 1048 4239 latere
1064 4195 1170 4238 eornm
1184 4172 1385 4255 Lampertin

232 4347 258 4410 1)
271 4347 314 4409 (ts.
324 4362 410 4413 stema
420 4366 448 4415 p.
461 4357 638 4415 ,inruens
652 4349 689 4402 H.
699 4350 804 4400 Lorenz
813 4366 842 4414 p.
854 4351 889 4402 35
895 4365 943 4415 sq„
957 4351 1005 4415 qni
1016 4356 1082 4399 reate
1094 4354 1180 4399 rnonet
1192 4363 1258 4399 saec.
1271 4347 1348 4401 VIII.

228 4417 279 4470 IX.
299 4419 434 4484 exemplar
450 4421 522 4474 Ann.
535 4420 767 4484 Hersseldenstnm
785 4422 852 4472 sotis
870 4420 983 4483 fideliter
1000 4421 1171 4485 exscriptam,
1191 4435 1252 4470 cnm
1271 4420 1348 4470 nam
