2842 5026
370 407 566 465 LAMPERTI
581 407 769 463 ANNALBS.
805 406 842 462 Δ.
862 409 939 463 lota
1163 405 1218 460 wi

125 597 209 669 cibus
236 613 394 677 responsa
422 594 587 658 atrociora
615 592 784 663 redderet,
814 593 958 674 repente
992 589 1029 651 in
1064 586 1216 651 medium
1229 584 1319 699 Ἢ

126 682 298 777 procedunt
321 682 425 766 legati
448 683 536 748 sedis
551 681 757 766 apostolicae
776 685 813 745 et
828 684 943 764 preter
961 678 1107 745 litteras,
1132 658 1240 759 quas(

130 771 265 843 nauibus
299 772 477 854 preferant
486 772 506 847 ¹,
541 772 617 835 viva
645 790 728 834 voce
758 770 790 834 ci
820 790 862 835 ex
895 768 1035 832 nomine
1069 765 1218 830 Romani

134 860 278 955 pntificis
313 860 534 936 denunciant,
569 864 609 924 ut
642 859 778 923 nullum
812 858 973 942 deinceps
1008 855 1217 940 pontificalis

125 949 218 1021 ificii
238 949 289 1012 ius
313 953 582 1033 potestatemque
598 949 734 1025 habeat,
758 949 934 1030 sciatque⁸
952 966 991 1011 se
1007 944 1218 1030 apostolicae

135 1038 465 1110 excommunicationis
493 1039 609 1121 gladio
635 1038 678 1103 de
701 1057 841 1122 corpore
865 1035 1069 1100 universalis
1092 1033 1217 1099 aeccle

134 1131 188 1197 εἷο
212 1121 394 1210 precisumb
422 1147 503 1204 esse,
535 1131 715 1212 propterea
743 1127 835 1209 quod
862 1126 1037 1191 obiectum
1068 1124 1134 1189 sibi
1157 1124 1219 1188 cri·

134 1238 194 1285 nen
226 1216 435 1298 symoniacae
473 1219 630 1282 hereseos
662 1216 791 1281 totiens
829 1214 1028 1300 apostolicis
1063 1212 1219 1298 epistolis

133 1306 251 1373 amm
280 1308 440 1369 evocatus
469 1326 614 1390 purgare
641 1305 842 1370 distulisset.
887 1304 1091 1388 Precipiunt
1113 1303 1219 1368 etiam

125 1393 241 1462 »aneis
263 1392 612 1478 Babenbergensibus,
640 1397 682 1458 ut
703 1393 840 1458 nullum
869 1393 964 1457 ultra
987 1393 1019 1457 ei
1041 1395 1219 1475 tamquam

132 1483 265 1569 spwopo
288 1483 450 1548 honorem
473 1485 766 1567 reverentiamque
790 1483 959 1551 deferant.
990 1481 1051 1546 sed
1078 1482 1122 1546 ab
1146 1481 1220 1546 eius

131 1571 343 1639 communione
372 1573 464 1636 omni
495 1574 613 1637 modo⁰
642 1594 678 1638 se
708 1572 916 1647 abstineant,
947 1591 991 1635 ne
1014 1569 1219 1654 deprehensi

130 1662 280 1743 tanquam
296 1660 545 1727 ecclesiasticae
569 1662 757 1727 sanctionis
779 1666 1049 1744 transgressores
1072 1659 1217 1725 similem

130 1768 190 1815 eum
215 1767 254 1812 eo
283 1746 491 1814 sortiantur(1
524 1751 887 1816 excommunicationis
916 1750 1116 1813 vindictam.
1164 1749 1220 1813 Ibi

127 1837 252 1923 primum
281 1839 459 1924 episcopus
489 1841 779 1905 circumventum⁰
807 1860 843 1904 se
869 1839 993 1903 fraude
1016 1838 1219 1903 clericorum

127 1944 242 1990 norum
265 1927 424 1992 advertit.
471 1927 603 2008 Quibus
627 1930 752 1994 acriter
774 1928 1024 2004 insistentibus,
1052 1930 1093 1990 ut
1116 1949 1219 2011 quan·

125 2014 215 2079 tocius
231 2017 430 2101 episcopatu
446 2019 626 2082 abdicatus
641 2018 852 2094 abscederet,
877 2037 955 2081 cum
972 2016 1070 2080 nulla
1084 2017 1219 2082 ratione

125 2103 302 2169 mamere
318 2111 442 2189 posset,
460 2110 717 2190 assererentque
734 2107 797 2170 sub
812 2106 1058 2171 testificatione
1070 2107 1219 2170 nominis

125 2188 212 2255 linui
235 2194 369 2257 nullum
393 2217 429 2260 se
451 2197 489 2259 in
511 2196 678 2261 aecclesia
700 2216 786 2280 opus
802 2196 869 2260 Dei
892 2198 1030 2259 acturos
1052 2196 1128 2260 fore
1143 2195 1219 2280 ipso

125 2277 210 2345 bea
238 2284 452 2366 persistente,
483 2285 635 2350 incertus
665 2286 895 2368 confususque
925 2285 1032 2348 animi
1056 2284 1151 2348 misit
1175 2285 1319 2351 adram.)

125 2368 299 2454 piscopum
323 2373 574 2455 Mogontinum,
604 2373 806 2438 fidissimum
836 2374 903 2438 sibi
928 2374 1086 2449 amicum,
1117 2395 1219 2456 quem

125 2457 220 2522 uultis
237 2480 317 2544 sepe
333 2461 506 2526 beneficiis
522 2463 683 2546 privatim
707 2468 743 2527 et
758 2463 897 2546 publice
918 2462 984 2526 sibi
1000 2463 1219 2540 devinxisset,

125 2547 228 2630 nique
251 2550 413 2624 omnium,
438 2572 525 2634 quae
548 2553 585 2614 in
608 2546 841 2634 adquirendos
867 2551 923 2615 vel
945 2552 1220 2616 administrando

125 2636 303 2720 piscopatu
326 2641 495 2722 gessisset,
521 2641 677 2704 conscius
693 2640 759 2704 sibi
776 2641 1013 2724 particepsque
1037 2641 1219 2716 extitisset,

125 2727 312 2809 egeritque,
341 2731 382 2790 ut
412 2750 514 2811 quam
544 2729 708 2794 citissime
730 2730 865 2794 veniret
888 2733 924 2794 et
945 2729 1221 2793 tumultuantem

125 2816 276 2879 rtestinis
298 2816 533 2882 simultatibus
557 2817 687 2882 clerum
710 2838 845 2901 quoquo
869 2821 985 2902 posset
1008 2819 1111 2882 modo
1134 2838 1221 2882 com·

125 2909 266 2968 esceret.
313 2905 380 2970 Ille
410 2907 497 2970 nihil
528 2911 681 2971 moratus
711 2907 814 2971 affuit
837 2907 985 2991 egitque,
1016 2911 1058 2969 ut
1080 2907 1221 2989 rogaba-

125 3011 169 3070 rr,
201 3013 280 3056 cum
311 2994 453 3073 clericis,
485 3016 528 3060 ne
559 2995 662 3060 obliti
690 2996 831 3080 pudoris
862 3016 901 3060 ac
925 2995 1115 3059 modestiae
1139 3014 1222 3057 suae

125 3101 136 3142 ι
168 3082 367 3166 episcopum
401 3104 515 3161 suum,
551 3106 654 3167 quern
682 3089 824 3169 propter
854 3085 967 3148 Deum
1003 3083 1111 3166 patris
1146 3082 1222 3145 loco

125 3172 258 3234 enerari
282 3171 490 3250 debuissent,
521 3173 594 3238 sine
625 3195 729 3237 causa
752 3174 1023 3246 exardescerent,
1056 3191 1134 3234 cum
1164 3190 1222 3234 eos

125 3264 187 3323 ec‘
221 3260 315 3324 dicto
348 3281 411 3325 nec
440 3262 545 3338 facto,
577 3263 668 3345 quod
699 3263 789 3325 iuste
819 3261 856 3323 in
890 3259 1065 3342 querelam
1100 3278 1222 3322 vocare

125 3352 252 3425 essent,
277 3350 388 3413 sciens
403 3354 630 3433 provocasset,
655 3349 710 3414 vel
726 3349 865 3431 siquid,
889 3348 982 3430 quod
998 3366 1056 3412 eos
1079 3346 1221 3419 lederet,

125 3439 192 3500 >rte
216 3438 344 3502 inscius
365 3439 567 3515 admisisset,
593 3459 629 3502 se
651 3438 827 3520 cognitore
852 3439 956 3519 atque
975 3435 1105 3499 arbitro
1128 3455 1223 3519 para·

125 3544 157 3588 re
181 3530 272 3590 esset
294 3529 414 3609 quovis
438 3529 540 3591 modo
564 3527 762 3591 satisfacere
786 3525 942 3602 offensis3
975 3528 1165 3608 parcerent,
1194 3525 1222 3587 si

125 3613 214 3678 rinus
246 3616 319 3680 eius
349 3616 582 3693 innocentiae,
619 3619 656 3679 at
690 3615 812 3678 honori
843 3617 947 3697 atque
977 3612 1223 3677 existimationi

125 3697 294 3787 ropriael,
319 3726 362 3769 ne
386 3706 431 3768 ad
455 3696 765 3788 contempnendos¹
792 3703 968 3787 episcopos
992 3722 1071 3766 suos
1095 3702 1224 3767 caeteri

134 3875 193 3915 sciat
206 3877 267 3916 31¹.
322 3879 345 3924 b)
359 3877 480 3927 presclsum
495 3878 542 3917 Ba.
588 3880 608 3924 r)
623 3887 700 3916 comm.
716 3876 806 3915 omnino
819 3874 880 3915 ⁸1¹¹.
922 3875 945 3921 d)
959 3885 1008 3915 exc.
1022 3875 1148 3914 rorclantnr
1162 3871 1223 3913 111⁶.

128 3928 259 4032 1451ἓίίέ
274 3930 333 3969 Blt.
376 3931 493 3979 necqulr.
508 3931 568 3970 131⁸.
576 3931 596 3970 t.
643 3933 665 3979 g)
679 3940 707 3969 nc
721 3927 782 3970 ms,
837 3930 861 3977 h)
875 3929 953 3979 propte
966 3929 1026 3967 31⁸.
1082 3927 1099 3975 l)
1113 3931 1223 3967 conterno.

125 4131 127 4148 ›
146 4107 201 4158 Nec
219 4108 301 4173 lepori
317 4108 476 4175 apostolieae
492 4108 563 4159 aedas
580 4107 728 4171 adfuerant
752 4121 798 4157 asc
817 4106 920 4155 litterae
935 4119 1024 4171 popae
1047 4109 1110 4154 tunc
1127 4102 1225 4154 allam

125 4183 162 4228 art
180 4179 230 4244 (cs.
247 4196 275 4246 p.
289 4183 351 4245 206,
372 4196 398 4232 n.
412 4182 451 4243 2),
475 4180 520 4231 aad
538 4179 629 4244 Poppo
651 4179 823 4243 praepositus
847 4176 950 4241 aliique
969 4174 1059 4225 derisi
1075 4173 1226 4224 saanbe-

125 4265 190 4301 mses
202 4250 290 4301 Romo
308 4252 409 4302 reterri
425 4251 584 4300 mandctm
601 4249 721 4311 attulere,
741 4253 770 4296 ut
783 4246 969 4297 Herinmanus
985 4246 1226 4297 mmmunicotus

125 4319 251 4385 uteretur,
278 4321 301 4372 si
327 4320 386 4388 ipsc
410 4320 445 4372 ad
471 4317 669 4386 suscipiendam
694 4316 856 4369 sententiam
883 4314 989 4368 Romae
1013 4331 1042 4369 se
1066 4331 1122 4367 non
1147 4331 1225 4382 prac-

125 4396 229 4444 ritaret.

508 4660 688 4734 Α

1173 4525 1351 4734 ..Α
