2842 5026
253 454 454 511 LAMPERTI
471 452 663 509 ANNALES.
698 455 735 511 A.
754 456 835 513 loss

1 664 82 704 ‚uam
115 660 266 703 asserere
297 638 554 723 permittantur,
585 637 689 703 facile
720 638 854 703 crimen
885 636 1056 702 refellant
1088 639 1123 699 et

1 752 23 794 e
54 731 213 812 acceptas
243 729 280 791 in
306 725 539 809 Gerstingun⁸
567 726 662 811 pacis
685 727 909 793 condiciones
941 724 1045 789 nullo
1070 726 1124 789 ‹le-

12 839 104 902 rceps
135 838 221 880 ausu
252 816 434 881 temerario
457 815 603 880 violasse
633 817 791 899 probent,
818 815 877 881 vel
907 815 939 879 si
971 814 1124 898 probare

0 910 171 989 equeant,
203 926 317 989 penas,
349 926 434 987 quas
465 904 557 986 leges
588 907 624 967 et
654 905 741 968 scita
770 905 942 969 maiorum
969 904 1008 967 in
1032 903 1122 967 simi·

2 997 72 1058 ium
98 995 279 1058 criminum
302 1014 378 1058 reos
401 994 587 1065 sanxerint,
619 993 812 1076 persolvere
843 1014 915 1058 non
947 992 1143 1056 abnuenti

1 1077 110 1147 Tuncb
137 1103 218 1148 vero
240 1104 330 1146 novo
354 1082 571 1147 crudelitatis
598 1101 724 1164 genere
746 1082 998 1147 innocentibus
1020 1079 1119 1145 refel-

2 1173 82 1236 endi
107 1172 259 1235 oriminis
283 1172 417 1255 copiam
440 1192 510 1235 non
534 1171 619 1245 dari,
643 1170 876 1254 placationem
899 1191 975 1235 non
1000 1170 1118 1253 recipi,

1 1261 259 1324 latist'actionem
284 1282 353 1324 noa
370 1260 519 1333 admitti,
543 1260 602 1323 sed
627 1261 732 1324 semel
748 1262 940 1344 conceptae
961 1259 1115 1341 indigna·

1 1351 92 1413 ionia
117 1350 209 1412 virus
232 1350 283 1413 ita
307 1350 446 1433 penitus
469 1349 547 1412 imis
569 1349 735 1413 insedisse
753 1349 956 1425 visceribus,
981 1356 1022 1411 ut
1045 1369 1111 1412 non

9 1439 57 1501 lio
73 1438 300 1502 medicamine
324 1459 426 1521 quam
442 1438 555 1501 tocius
572 1437 760 1502 Saxonicae
776 1438 891 1520 gentis
907 1438 1134 1505 externrinioa

1 1527 100 1591 sedari
129 1527 254 1590 valeat.
302 1526 450 1591 Proinde
473 1527 616 1591 videant
643 1527 719 1611 ipsi.
751 1546 919 1591 memores
951 1527 1104 1592 humana·

7 1638 64 1678 um
88 1637 212 1688 rerum,
237 1638 280 1680 ne
303 1617 395 1680 forte
417 1615 611 1699 pestilentis
627 1615 732 1679 huius
747 1614 897 1699 exempli
912 1616 1097 1699 contagium

5 1708 126 1787 umpto
150 1705 193 1768 ab
218 1705 411 1769 Saxonibus
435 1705 576 1769 exordio
599 1709 753 1769 caeteros
776 1705 883 1769 etiam
906 1705 1093 1789 quandoque

7 1794 85 1874 egui
117 1794 289 1877 principes
320 1794 461 1869 inficiat,
493 1797 529 1857 et
559 1794 610 1857 ita
637 1814 729 1857 nunc
756 1792 958 1858 infelicibus
980 1798 1088 1865 eventis

0 1903 162 1945 ‚axonam
194 1884 425 1954 moderentur,
459 1883 533 1945 itas
570 1881 712 1947 calicem
743 1883 836 1949 hunc
866 1882 961 1947 fellis
990 1886 1022 1949 et
1044 1888 1108 1957 aba

1 1971 109 2034 ¹inthii
133 1972 300 2036 misceant
324 1976 360 2035 et
383 1971 569 2055 propinent
592 1971 793 2047 saxonibus,
822 1974 864 2035 ut
887 1971 954 2035 sibi
976 1992 1082 2059 qaoque
1149 1980 1151 1985 ’

1 2061 93 2140 aulo
118 2064 195 2143 post
219 2061 365 2125 eandem
391 2061 609 2124 meminerint
632 2080 705 2124 esse
729 2060 929 2126 bibendum.
963 2060 1004 2125 Se
1022 2064 1078 2141 ian,

2 2149 95 2211 ncisa
126 2170 196 2232 ape.
228 2150 353 2212 omissa
383 2150 544 2233 deinceps
568 2149 690 2213 salutis
713 2144 894 2234 propriael
922 2170 1007 2222 cura,
1031 2154 1077 2221 hoc

0 2237 133 2302 rrmitcr
157 2238 271 2302 animo
295 2238 466 2307 statuisse.
496 2243 546 2315 ut,
575 2238 738 2321 quicquid
761 2238 816 2302 illi
838 2238 1005 2321 agendum
1024 2262 1077 2307 cen·

6 2332 96 2395 eant.
121 2328 300 2395 suadeant,
320 2327 473 2399 iubeant,
490 2328 733 2392 incunctanter
748 2330 864 2411 agant,
888 2348 952 2393 nec
967 2348 1102 2399 suaruna

0 2417 139 2478 artium
173 2416 288 2479 studio
320 2417 517 2499 patiantur⁰
546 2416 692 2481 ulterius
725 2417 838 2481 tocius
868 2416 919 2481 rei
948 2418 1076 2500 publicae

1 2508 117 2566 atatam
136 2504 334 2587 periclitari.
370 2506 425 2567 Ad
450 2506 535 2569 haec
554 2505 608 2568 illi
622 2507 877 2590 responderunt
900 2526 936 2571 se
959 2527 1076 2575 causan.

0 2615 55 2667 aa
80 2595 224 2675 primum
252 2595 414 2657 adversus
444 2616 559 2675 regem
584 2616 679 2658 aram
702 2596 921 2678 smupserint,
953 2617 1015 2659 non
1039 2598 1078 2660 ad·

1 2684 126 2743 nodam
152 2683 355 2765 improbare,
387 2704 447 2746 nee
472 2682 608 2767 placere
631 2681 708 2746 ‘sibi
732 2684 945 2747 obstinatum
969 2686 1008 2748 ad
1028 2708 1151 2769 persea

13 2771 110 2834 iciem
137 2792 253 2834 eorum
279 2773 369 2853 rogis
394 2773 545 2834 animum
570 2777 606 2836 et
630 2774 787 2856 pertinax
811 2773 945 2850 odiam;
970 2795 1108 2838 cornea-a

1 2861 69 2923 isse
94 2868 208 2923 taraea
234 2862 268 2921 in
295 2862 358 2923 hoc
383 2882 500 2925 ornnes
523 2862 620 2941 regni
638 2863 807 2946 principes
824 2864 866 2926 de
883 2868 1040 2946 usurpato
1058 2864 1085 2926 in

1 2971 23 3011 e
55 2950 194 3032 publica
226 2970 312 3012 novo
344 2951 408 3013 hoc
444 2954 479 3013 et
515 2951 633 3013 multis
667 2955 759 3015 retro
791 2951 916 3016 seculis
951 2953 1087 3015 inaudito

1 3039 138 3101 'aeinore
163 3061 229 3101 non
257 3038 359 3101 aliter
382 3040 456 3117 regi
480 3038 534 3103 vel
558 3040 607 3102 rei
632 3040 791 3124 publicae
815 3061 913 3124 posse
937 3042 1089 3113 satisfieri,

0 3149 86 3193 uani
115 3134 152 3190 ut
177 3151 212 3189 se
237 3128 364 3209 alisque
390 3128 462 3190 ulla
486 3129 686 3212 exceptione
711 3130 855 3197 dedant:
886 3130 951 3193 sibi
980 3134 1091 3194 autem.

9 3238 128 3279 uorum
161 3210 246 3279 hocf
275 3218 417 3279 consilio
443 3221 582 3298 agnita.
615 3238 717 3282 curae
747 3220 915 3295 futurum,
948 3223 987 3281 ut
1018 3219 1120 3283 nihile

6 3327 26 3365 x
45 3307 108 3368 lare
127 3306 312 3375 ‹lediticme
338 3307 428 3387 quod
447 3307 551 3369 saluti
568 3328 696 3375 eorum,
722 3307 813 3390 quod
833 3309 965 3380 honori,
991 3302 1094 3391 quodh

1 3395 34 3455 ei
59 3394 223 3456 farniliari
247 3394 388 3461 afliciat.
415 3397 645 3478 experiantur.
686 3398 858 3461 Adversus
883 3397 973 3460 hanc
990 3419 1099 3462 vocem

8 3484 207 3546 ehementer
223 3483 403 3547 intrenmit
420 3485 543 3563 vulgus
560 3486 779 3553 Saxonicum:
798 3486 991 3567 durumque
1004 3488 1101 3549 cmiii

0 3592 49 3631 as
74 3572 181 3633 visum
208 3576 260 3634 est
285 3576 319 3636 et
344 3573 562 3637 intolerabile
587 3567 634 3637 ei¹
660 3574 836 3656 sanguinis
860 3575 912 3636 sui
938 3575 991 3638 ius
1016 3590 1101 3658 pote·

1 3661 177 3739 totamque
202 3662 325 3727 fircera.
352 3656 469 3723 cuiusk
490 3662 706 3725 crudelitatis
730 3667 801 3725 tam
818 3663 912 3726 clara
935 3665 1132 3747 cepissent-a

1 3748 256 3828 alerannum:
293 3751 351 3832 qui
391 3754 467 3832 post
507 3751 792 3834 depopulationes
829 3747 1034 3834 Turingiae¹
1073 3758 1104 3819 et.

0 3837 161 3907 axoniae,
194 3841 272 3919 post
303 3839 412 3902 multa
437 3840 614 3902 hominum
623 3846 646 3875 ¹¹¹
671 3840 766 3903 milia
797 3862 873 3906 cesa
904 3842 1019 3905 adhuc
1044 3844 1105 3926 spi-

6 3947 62 3986 ms
81 3926 247 3988 minarum
274 3932 308 3991 et
326 3929 418 3992 cedis
435 3929 550 3992 omnia
573 3930 754 3993 adversum
779 3951 835 3994 eos
859 3931 980 3993 mundi
999 3952 1105 4015 regna

0 4119 201 4163 (ivl'sllssllllall.
258 4118 412 4157 lutra-131⁸.
469 4134 479 4155 ‹-
505 4120 670 4159 aitandltlh.
727 4119 914 4170 dipr=aplelll¹.
970 4124 1105 4170 offlinrtlnn·

1 4184 20 4210 ιι·
36 4175 79 4213 sl.
129 4172 280 4209 lloaallll’.
330 4173 353 4214 al
368 4170 432 4216 serit*
446 4185 479 4219 ur„
495 4175 540 4211 152.
588 4175 728 4222 1:211111312.
771 4176 907 4217 lJclsIllfl.
950 4176 1137 4223 misrrumum

13 4227 83 4264 'Flam
98 4227 144 4262 151.
200 4238 220 4262 m
245 4226 306 4262 milia
323 4226 381 4264 liora.
398 4227 455 4265 131⁸.

4 4374 11 4423 l
29 4367 91 4416 l'a'dc
103 4382 170 4431 qaum
188 4367 225 4416 od
237 4367 299 4417 llaec
317 4368 378 4418 hesic
391 4376 474 4419 arram!
488 4370 622 4420 laima-a·
638 4387 665 4435 p.
676 4374 711 4424 lb'
720 4388 758 4436 aq.
778 4372 861 4434 Infra
875 4374 991 4437 (1.1076,
1003 4390 1033 4437 p.
1044 4376 1103 4431 aar,

1 4437 55 4489 'ixit
68 4437 134 4487 Lam
136 4456 163 4502 p.
178 4438 294 4489 (monem
307 4440 339 4489 <Ie
351 4439 490 4489 Noralrcr'm
505 4442 721 4505 carcassonensem,
742 4448 769 4493 ut
783 4445 924 4509 principes
933 4458 962 4495 se
973 4444 1103 4499 declaem.
