2842 5026
236 413 363 467 XLVIII
639 413 858 469 PRAEFATIO
877 413 906 471 G.
918 414 953 470 V.

236 594 424 676 description
469 595 611 677 Crispum
655 595 818 660 Glucrrero
850 597 1030 678 professori
1072 596 1267 679 Trcbinqerrsi
1305 599 1359 662 od·

236 684 343 762 ferret.
395 683 457 765 Qui

344 773 417 853 Al)
450 772 630 835 Arsacidum
661 773 825 854 Lumperti
854 772 1022 838 editionem
1045 773 1226 856 principem
1249 795 1288 837 er
1310 795 1360 838 ea·

236 861 370 941 errrplori
393 861 448 924 ilio
477 860 638 941 Trebiaque
665 865 758 924 1525.
784 863 871 943 opud
893 861 1126 926 Huldericlocmr
1142 862 1359 926 Morbordum

237 949 320 1030 typis
343 950 554 1013 ercrcderrdcur
573 950 697 1012 curceii
707 951 727 1028 ¹,
746 949 935 1030 praemissis
951 951 1082 1032 epistola
1098 950 1382 1016 Melouchtironiss

236 1039 281 1100 od
305 1037 403 1119 ipsum
429 1039 525 1101 clorio2
548 1043 575 1100 ct
598 1037 699 1118 ipsius
722 1038 852 1119 epistola
876 1037 1072 1104 dedicatoria
1094 1041 1139 1102 od
1156 1038 1360 1104 Wiilreloucm

236 1132 265 1190 et
292 1125 463 1207 Geocpium
487 1127 619 1189 barones
643 1128 679 1190 dc
703 1127 871 1208 Ilsocqnop
894 1127 930 1190 V.
948 1127 1027 1191 Kal.
1046 1127 1129 1209 Sept.
1154 1127 1237 1191 anri
1264 1133 1360 1191 1525.

237 1216 327 1293 dolo,
367 1214 401 1277 in
432 1236 508 1294 quo,
545 1235 614 1277 cum
644 1216 739 1278 codes
769 1215 1047 1297 lisitterrberpensis
1077 1237 1189 1280 nooren
1220 1216 1362 1280 auctoris

237 1324 300 1367 aori
326 1304 510 1383 prenderet:
541 1301 636 1386 Opus
661 1308 722 1377 est,
752 1302 864 1384 inquit,
890 1309 983 1369 certe
1007 1305 1081 1389 ipso
1105 1325 1232 1387 genere
1256 1326 1360 1388 quam

237 1393 480 1456 venerandum.
520 1391 603 1455 Eius
627 1393 754 1456 author
777 1393 925 1475 quidem.
950 1395 1005 1456 tot
1021 1394 1187 1458 revolutis
1202 1399 1360 1458 veterum
1372 1416 1396 1453 ro

238 1481 478 1554 monumentis,
503 1483 578 1542 turn
602 1481 719 1563 ipsius,
744 1481 848 1545 facile
865 1486 981 1546 extare
998 1502 1067 1545 non
1084 1486 1208 1566 potest.
1241 1481 1361 1545 Unum

238 1570 302 1632 hoc
327 1570 446 1650 liquet,
472 1568 742 1633 Herveldensem
766 1570 882 1634 fuisse.
938 1569 1043 1634 Cuius
1066 1570 1148 1647 vita,
1174 1571 1361 1653 studiaque

236 1662 309 1720 tam
334 1663 385 1721 est
410 1662 449 1719 ut
474 1658 607 1740 culpari
631 1662 779 1741 possent,
805 1680 908 1742 quam
931 1659 987 1723 vel
1010 1659 1226 1742 integerrimi
1250 1659 1361 1724 euius·

237 1748 334 1829 quel.
382 1745 426 1808 Et
456 1744 484 1808 is
512 1744 567 1825 qui
590 1751 719 1809 curante
744 1745 867 1810 Sacerio
897 1745 1031 1811 codicem
1061 1746 1362 1829 ii⁷itteaber·oensern

240 1975 265 2036 l)
285 1973 363 2023 Herm
380 1973 489 2023 titulum
504 1989 574 2038 pros
591 1988 618 2022 se
636 1973 689 2034 scri
707 1972 749 2023 hic
768 1973 848 2023 liber:
866 1969 995 2039 Quisquis
1014 1987 1042 2024 es
1061 1971 1164 2041 gloriae
1178 1971 1361 2026 Germanicae
1372 1983 1397 2021 rs

239 2048 266 2095 et
285 2043 418 2094 urniorum
438 2042 580 2108 studiosus,
600 2042 652 2094 hoc
669 2048 746 2094 utare
766 2059 815 2095 ceu
834 2043 964 2111 magistro
984 2042 1076 2095 libello
1094 2053 1159 2109 (orco
1178 2046 1296 2110 ineptior
1316 2059 1361 2094 ex·

237 2117 353 2178 recitari
371 2131 422 2165 riori
438 2117 575 2179 potuisset.
604 2114 705 2164 Sunius
724 2114 835 2164 (linisset
849 2114 1019 2165 Charrerms:
1041 2115 1177 2181 ‘Quisquis
1194 2117 1361 2179 moniturus,

238 2186 364 2252 quomodo
386 2187 506 2250 primum
525 2185 614 2248 plocio
633 2187 710 2250 rcpnr'
729 2186 884 2236 Gerrrranici
900 2185 1057 2248 extabuerit,
1082 2185 1129 2236 hoc
1147 2191 1225 2237 utere
1245 2185 1360 2250 libello').

238 2254 380 2324 Tubingae
399 2272 470 2307 anno
489 2254 638 2308 MDXXV.
677 2255 860 2321 Sutscriprum
888 2255 956 2306 libro
980 2261 1033 2306 eat:
1056 2253 1196 2307 Excusum
1216 2253 1361 2324 Tubingae

238 2326 310 2394 apud
338 2325 537 2378 Hulderichum
565 2325 745 2377 lllorhardum
773 2343 865 2378 mense
893 2325 1020 2395 Augusto
1048 2324 1198 2380 MDXXV.
1250 2327 1398 2378 Titulusao

237 2400 420 2449 colitianorum
442 2404 491 2447 cst:
511 2396 648 2449 Historiae
669 2395 877 2450 Gennanorum.
933 2398 961 2465 2)
982 2398 1067 2462 Oeam
1086 2400 1219 2462 inicorum
1236 2397 1362 2449 achiteo:

238 2467 382 2535 Philippus
401 2467 597 2520 hlelanchthon
622 2485 670 2520 suo
690 2467 821 2535 Ghaspari
840 2466 976 2520 Ohurrero
999 2468 1084 2520 bonas
1103 2467 1195 2520 literas
1215 2467 1361 2536 Tubingae

238 2540 266 2591 in
284 2539 379 2591 Suavis
399 2538 508 2591 docenti
527 2539 554 2593 S.
591 2537 669 2591 Fecit
688 2555 810 2590 mearum
829 2555 920 2590 rerum
939 2540 1015 2591 varia
1033 2538 1151 2605 iactatio,
1170 2539 1209 2591 mi
1228 2536 1361 2606 Chespar,

238 2628 287 2662 cur
305 2610 436 2661 hactenus
456 2609 489 2661 ad
508 2614 535 2661 te
554 2609 622 2661 nihil
641 2610 803 2676 scripserim,
826 2609 935 2661 tametsi
959 2626 1066 2676 semper
1085 2609 1176 2662 animo
1195 2609 1237 2661 tui
1254 2626 1361 2662 memo·

238 2681 305 2732 riam
326 2680 538 2746 circumferrem,
558 2686 585 2732 ot
604 2685 733 2746 tanquam
748 2681 832 2732 oculis
845 2680 945 2732 nostris
958 2679 1071 2733 adsiduo
1085 2680 1277 2734 obversareris.
1304 2679 1361 2732 Ne·
1371 2691 1397 2731 ao

238 2769 290 2818 qua
310 2752 382 2804 enim
402 2752 461 2803 fieri
480 2751 577 2819 potuit,
604 2756 633 2802 ut
656 2750 776 2803 studium
800 2768 864 2819 erga
882 2756 909 2804 te
929 2768 1020 2803 meum
1039 2755 1142 2804 temere
1161 2751 1361 2804 benivolentia-

238 2840 290 2889 qus
317 2823 517 2891 languesceret,
544 2839 624 2888 quem
651 2827 794 2889 tantopere
820 2821 983 2877 dilexissem.
1020 2820 1109 2890 Quam
1135 2823 1233 2876 vellem
1260 2821 1362 2874 officiis

238 2894 414 2961 amplioribus
427 2893 594 2945 voluntatem
609 2893 692 2945 animi
712 2893 738 2944 in
757 2898 784 2945 te
805 2893 857 2944 mei
876 2892 1013 2945 declarare
1027 2893 1183 2960 potuissem.
1212 2892 1272 2947 Scis
1285 2893 1361 2945 enim

238 2964 310 3016 bunc
336 2964 402 3016 mihi
428 2981 531 3016 morem
556 2981 621 3029 esse,
648 2971 678 3016 ut
698 2963 846 3016 liberaliter
865 2968 893 3016 et
910 2970 1066 3016 constanter
1084 2981 1181 3018 amem.
1217 2962 1261 3016 Tu
1280 2964 1361 3016 vicia·

238 3036 297 3099 sim,
323 3036 345 3087 si
370 3052 425 3087 non
444 3036 508 3087 sinis
528 3052 576 3086 nos
596 3053 629 3087 ex
648 3035 738 3086 auimo
757 3039 805 3086 tuo
829 3034 949 3102 effluere,
975 3052 1107 3103 perquam
1133 3040 1258 3087 amenter
1284 3033 1397 3088 facisse

238 3104 336 3158 Nescio
355 3106 426 3158 enim
446 3106 493 3173 qui
511 3104 567 3171 fiat,
594 3114 622 3157 ut
643 3123 726 3173 usque
746 3106 814 3158 adeo
832 3106 969 3158 veteribus
988 3105 1080 3157 amicis
1100 3105 1233 3172 sordeam,
1257 3104 1293 3157 dc
1312 3109 1361 3157 tua

237 3177 378 3229 voluntate
393 3177 460 3228 nihil
479 3177 583 3242 dubit0,
602 3177 762 3244 praesertim
782 3177 803 3228 si
823 3177 850 3229 in
870 3177 902 3228 iia
920 3176 1016 3229 studiis
1029 3194 1059 3229 ae
1074 3177 1157 3229 literis
1170 3194 1207 3242 es,
1226 3192 1297 3244 quaa
1310 3193 1361 3228 nos

237 3248 271 3300 ad
303 3248 532 3313 benevolentiam,
563 3248 707 3315 pietatem,
738 3247 820 3300 fidem
851 3248 1039 3301 adhortantur.
1086 3247 1210 3314 Reliquis
1240 3247 1362 3300 libenter

236 3320 355 3388 ignosco,
375 3320 421 3386 qui
440 3320 468 3370 in
487 3319 620 3371 eiusmodi
639 3318 734 3371 studiis
753 3325 904 3382 versantur,
928 3324 958 3371 ut
977 3319 1076 3370 mirum
1096 3319 1139 3385 sit,
1162 3335 1217 3371 non
1237 3318 1360 3384 omuino,

236 3390 465 3457 quemadmodum
490 3390 536 3442 ille
562 3390 607 3456 ait,
633 3389 766 3442 vulturios
786 3390 852 3443 fieri.
890 3389 1047 3442 Discedenti
1070 3389 1133 3442 hinc
1152 3388 1263 3442 Seceri0
1283 3401 1396 3440 man-as

236 3462 339 3525 darum,
359 3465 389 3512 ut
408 3466 515 3513 curaret
532 3460 681 3525 historiam,
702 3461 778 3513 cuius
797 3466 838 3513 est
856 3461 884 3512 iu
897 3460 1142 3529 Augustinensium
1161 3459 1360 3513 monachorum

236 3532 401 3584 bibliotheca
428 3532 597 3598 exemplum,
626 3532 749 3585 describi.
805 3531 935 3584 Nondum
966 3531 1039 3584 enim
1066 3530 1122 3583 vidi
1150 3547 1166 3582 a
1194 3529 1360 3584 Germaniae

236 3602 414 3669 scriptoribus
427 3620 459 3654 eo
473 3608 634 3670 argumento
648 3602 796 3670 quidquam
809 3602 965 3671 diligentius
978 3619 1036 3655 esse
1048 3602 1239 3669 compositum,
1249 3601 1361 3654 tametsi

236 3672 369 3740 quaedam
396 3672 570 3725 admiscuerit
595 3674 628 3725 de
655 3675 766 3740 privatis
791 3673 871 3727 rebus
897 3673 1008 3741 indigna
1026 3677 1198 3740 posterorum
1217 3672 1360 3726 memoria.

237 3743 305 3796 Eam
319 3761 376 3794 rem
390 3748 477 3795 totam
491 3749 553 3795 tuae
567 3745 707 3796 committo
721 3750 749 3796 et
761 3744 825 3797 fidei
838 3750 865 3796 et
878 3744 1047 3812 prudentiae,
1067 3744 1089 3795 si
1106 3743 1234 3796 iudicaria
1246 3742 1360 3812 dignam
1370 3757 1395 3794 eo

236 3831 294 3866 esse
313 3814 453 3866 historiam
469 3815 596 3879 editione,
616 3831 715 3881 quaeso
729 3816 878 3882 incumbas,
898 3820 928 3867 ut
940 3815 1013 3867 illius
1026 3814 1125 3883 praelis
1138 3813 1361 3868 emendatissima

236 3884 389 3951 mandetur,
413 3886 454 3938 sin
473 3885 552 3938 aliter
570 3886 714 3951 videbitur,
739 3886 817 3938 facile
837 3886 942 3952 faciam,
966 3886 1098 3954 scriptum
1116 3902 1171 3938 non
1191 3885 1360 3954 elegantissi-

236 3973 311 4007 mum
332 3956 450 4010 interire.
479 3957 549 4009 Vale
568 3956 839 4025 exVuitttemberga.
895 3962 922 4025 3)
942 3959 1055 4009 initiam
1075 3957 1198 4025 epistolae
1216 3957 1290 4009 hocce
1307 3964 1361 4008 est:

235 4026 386 4080 Incidimus
411 4045 506 4096 nuper,
531 4026 738 4081 Generosissimi
763 4027 897 4094 Berones,
924 4029 1014 4081 nescio
1038 4045 1072 4080 an
1099 4044 1219 4095 unquam
1242 4027 1272 4080 in
1294 4043 1361 4094 prn-

235 4098 343 4150 dentius
363 4099 466 4166 aliquot
484 4099 630 4167 insignium
649 4117 741 4152 rerum
759 4104 897 4167 gestarum
917 4117 933 4151 a
951 4098 1049 4151 nostris
1067 4097 1230 4152 Germaniae
1250 4097 1396 4150 maiori-ra

236 4169 287 4221 bus
317 4170 460 4236 scriptum,
492 4171 663 4237 quorundam
694 4170 914 4223 doctissImorum
942 4170 1083 4222 hominum
1112 4169 1198 4222 literis
1225 4185 1361 4236 perquam

236 4239 392 4293 humaniter
420 4241 559 4296 admoniti.
604 4243 649 4293 Ea
680 4243 793 4308 reliquis
820 4243 883 4293 hoec
908 4248 1012 4292 tontrcm
1039 4242 1116 4292 certa
1142 4241 1261 4294 crolando
1286 4245 1360 4302 ment,

235 4312 331 4378 quihus
358 4313 425 4363 liter
450 4314 597 4363 laridotor:
625 4317 681 4364 tam
710 4312 886 4378 foelioissimi,
915 4316 975 4364 tum
1000 4328 1093 4364 rerum
1121 4310 1268 4380 dignitate,
1300 4315 1361 4362 tum

236 4382 365 4435 orationis
385 4383 519 4452 elegantia
537 4383 617 4435 huius
635 4383 813 4437 monumenti.
