2842 5026
429 441 631 496 LAMPERTI
650 441 838 497 ANNALES.
875 443 910 497 A.
932 446 1008 498 1076.
1232 449 1284 501 281

154 630 272 704 erant,
304 627 341 688 in
370 646 477 688 unum
509 626 620 688 eoire⁸
648 628 752 707 atque
782 646 877 688 arma
911 626 1071 708 expedire
1105 611 1410 724 iubebatl,)⁰}{·„

157 718 199 776 ut
232 716 270 776 in
302 715 500 778 ulteriorem
531 715 642 797 ripam
670 735 865 797 progressos
890 715 1072 777 confestim
1096 715 1205 797 prelio
1229 716 1284 778 ad·
1316 711 1321 722 ’
1369 712 1374 723 '

159 803 314 866 oriretur
325 806 344 863 ¹.
386 803 423 864 [n
447 803 513 865 hac
535 806 713 865 tantarum
738 803 977 884 expectatione
1002 824 1115 866 rerum
1139 804 1284 866 intentis

159 891 390 973 sollicitisque
411 891 579 965 omnibus,
605 912 683 954 ecce
707 891 817 973 primo
834 890 988 953 diluculo
1012 892 1186 974 sequentis
1203 893 1410 967 dicineum

143 997 250 1061 sqnae
282 980 441 1042 ultimam
472 979 605 1043 cladem
636 980 686 1043 rei
717 979 875 1061 publicae
906 979 1055 1042 allatura
1084 980 1282 1056 timebatur,

161 1067 268 1132 Suevi
292 1071 328 1132 et
351 1068 502 1132 Saxones
526 1068 658 1151 legatos
682 1068 726 1130 ad
750 1088 865 1150 regem
890 1068 1066 1142 miserunt,
1099 1070 1158 1151 qui
1181 1069 1213 1132 ei
1237 1069 1283 1131 di-

162 1159 320 1221 cerent²z
351 1157 492 1220 tametsi
515 1178 577 1220 nec
601 1157 637 1218 in
661 1156 753 1220 bello
783 1177 845 1219 nec
870 1157 906 1218 in
929 1176 1013 1239 pace
1037 1156 1110 1218 ulla
1132 1178 1282 1239 unquam

163 1246 194 1308 ei
217 1246 378 1309 iusticiae
402 1245 456 1309 vel
480 1246 595 1327 legum
613 1266 695 1308 cura
713 1244 829 1320 fuerit,
855 1265 890 1307 se
913 1248 1031 1308 tamen
1054 1246 1188 1328 legibus
1205 1267 1282 1309 cum
1321 1275 1323 1280 ·

165 1355 203 1397 eo
234 1354 338 1417 agere
368 1333 466 1410 velle,
502 1337 538 1397 et
573 1354 651 1396 cum
686 1333 839 1406 crimina,
875 1354 962 1414 quae
994 1334 1043 1397 ei⁰
1078 1334 1281 1404 obiciantur,

128 1423 325 1488 roomnibus
349 1426 507 1486 constent
531 1421 608 1485 luce
632 1421 786 1497 clariora,
819 1442 854 1484 se
878 1424 994 1484 tamen
1018 1442 1089 1485 rem
1113 1423 1284 1505 integram

166 1510 313 1574 Romani
336 1510 508 1593 pontificis
533 1510 723 1592 cognitioni
750 1530 939 1586 reservare;
972 1513 1109 1572 acturos
1140 1531 1175 1574 se
1206 1532 1284 1573 cum

169 1619 211 1674 eo,
237 1594 302 1661 ut*1
328 1600 365 1660 in
388 1598 627 1682 purificatione
651 1601 791 1662 sanctae
807 1599 937 1661 Mariae
953 1598 1147 1680 Augustam
1171 1620 1284 1662 occur·

169 1688 248 1762 ram,
266 1687 384 1769 ibique
401 1687 623 1750 celeberrimo
640 1691 812 1750 conventu
829 1686 949 1749 habito
966 1687 1160 1769 principum
1173 1688 1284 1749 tocius

167 1776 271 1857 regni,
298 1776 459 1838 discussis
483 1779 706 1857 utrarumque
730 1775 880 1857 partium
905 1775 1181 1857 allegationibus,
1211 1776 1284 1857 ipse

125 1885 222 1929 resno
249 1864 379 1927 iudicio
402 1863 456 1927 vel
481 1864 620 1926 addicat
644 1863 698 1926 vel
729 1863 885 1926 absolvat
915 1868 1130 1938 accusatum;
1163 1864 1285 1945 quodsi

162 1956 244 2016 unte
258 1954 351 2016 diem
367 1953 636 2016 anniversarium
651 1952 1013 2015 excommunicationis
1030 1973 1120 2025 suae,
1139 1972 1200 2014 suo
1214 1973 1284 2034 pre-

157 2042 281 2105 sertim
297 2041 394 2114 vici0,
412 2041 765 2104 excommunicatione
782 2061 850 2103 non
867 2039 1074 2115 absolvatur,
1093 2041 1220 2122 absque
1237 2062 1284 2103 re·

156 2131 373 2192 tractatione
386 2130 649 2212 inperpetuume
660 2149 763 2191 causa
771 2129 963 2205 cecideritl,
975 2150 1038 2192 nec
1049 2129 1182 2210 legibus
1194 2130 1284 2193 dein·

149 2238 243 2300 ceps
268 2239 413 2300 regnum
432 2221 587 2299 repetere
611 2217 729 2300 possit,
754 2218 845 2299 qnod
869 2217 1004 2299 legibus
1028 2217 1120 2279 ultra
1144 2218 1284 2280 admini-

125 2310 274 2370 >strare
294 2327 444 2368 annuam
461 2326 580 2388 passus
597 2306 985 2369 excommunicationem
1003 2327 1072 2368 non
1089 2306 1196 2388 possit
1207 2307 1231 2379 5;
1257 2307 1286 2368 si

144 2389 341 2458 oblatams
368 2395 604 2458 condicionem
631 2399 810 2476 gratanter
833 2394 1048 2476 amplexetur
1072 2399 1107 2456 et
1130 2394 1285 2458 Romano

148 2484 324 2566 pontifici
354 2504 415 2566 per
444 2483 560 2545 omnia
589 2482 766 2545 subditum
798 2503 832 2545 se
864 2483 1025 2565 dictoque
1050 2482 1285 2565 obtemperan-

144 2575 235 2635 tem
266 2573 342 2635 fore
373 2570 609 2654 polliceatur⁶,
642 2571 722 2633 hinc
751 2591 786 2634 se
810 2571 1082 2653 experimentum
1107 2574 1284 2653 capturos:

150 2681 293 2733 omnes,
319 2681 403 2743 quos
427 2658 486 2723 ille
511 2659 828 2735 excommunicavit,
860 2658 1056 2742 extemplog
1082 2680 1102 2721 a
1125 2660 1286 2723 convictu

125 2811 186 2864 in)
200 2815 235 2854 ire
249 2815 310 2855 131⁸.
359 2814 532 2858 buroam.
582 2816 602 2861 c)
617 2814 652 2856 ob.
667 2814 688 2852 ei
703 2825 759 2855 corr.
773 2814 794 2853 ei
809 2813 918 2855 onam.
969 2813 1133 2862 nomam.
1184 2814 1287 2863 c)oauss

160 2878 211 2910 ecc.
226 2869 271 2916 lnp.
285 2879 343 2908 corr.
357 2868 403 2915 inp.
417 2879 435 2909 c.
450 2878 495 2908 coc.
511 2865 571 2909 Bm.
625 2868 642 2915 l)
656 2867 746 2905 oblitam
760 2868 805 2908 Ar.
861 2870 883 2915 g)
898 2867 1004 2915 extimplo
1018 2867 1064 2908 aa.

166 2992 193 3058 1)
213 2991 288 3041 Haec
305 2993 394 3042 omnia
407 2990 581 3056 lampertum
594 3007 666 3056 pure
683 2998 855 3042 conarentum
873 3008 926 3042 esee
943 3007 1017 3042 nenio
1034 3008 1086 3042 non
1106 2992 1180 3044 aida.
1209 2990 1287 3055 laep-

166 3065 299 3114 tissimam
318 3064 388 3114 enim
406 3078 459 3113 ease
477 3062 546 3112 hanc
564 3064 748 3113 narrationem
772 3078 805 3112 ex
823 3064 883 3128 ipsa
900 3067 981 3128 patet,
1007 3078 1066 3112 cum
1083 3064 1218 3127 principa
1236 3061 1287 3110 bel-

168 3133 224 3183 lum
239 3140 380 3199 parantes,
400 3139 430 3182 ut
448 3149 533 3197 reaem
551 3134 769 3197 conraderentur,
788 3133 873 3183 subito
885 3139 981 3183 mentes
999 3135 1140 3182 mutavisse
1152 3134 1286 3184 dicantur.

125 3211 158 3249 0
168 3205 220 3255 Nec
238 3207 299 3269 reai
316 3210 420 3254 tantum
433 3206 577 3255 mercium
589 3204 710 3267 affuisse,
730 3210 760 3253 ut
772 3205 937 3253 aduersaria
951 3203 1046 3252 belliem
1065 3203 1169 3264 inferre
1184 3205 1288 3266 potuis-

168 3281 213 3340 set,
233 3281 344 3341 emutat,
363 3282 392 3325 ut
404 3291 437 3325 ea
451 3274 592 3325 Bartholdi
605 3292 634 3340 p.
648 3276 709 3327 286.
728 3280 752 3324 et
764 3275 904 3325 Branonm
923 3289 942 3326 c.
956 3276 999 3327 88.
1018 3274 1194 3324 relationibus
1206 3279 1287 3336 patet.

168 3349 196 3411 2)
216 3347 289 3409 Qrme
307 3347 338 3397 de
356 3346 552 3396 ammonitus
566 3347 643 3410 pacti
659 3344 755 3409 Lamp.
774 3346 858 3407 refert
884 3346 989 3394 orrrnino
1007 3344 1148 3408 rei'ciemlo,
1175 3343 1248 3393 nihil
1264 3346 1290 3393 ei

169 3417 326 3468 malardum
344 3433 397 3467 esse
414 3418 471 3466 nisi
487 3432 554 3482 quae
572 3433 630 3466 cum
644 3415 788 3466 Bmiholdo
803 3416 960 3465 concordant
979 3415 1039 3465 bene
1057 3415 1169 3465 ostordit
1182 3414 1210 3467 J.
1226 3414 1290 3464 Gali

169 3491 197 3538 in
218 3488 318 3540 ‘Mittin
336 3488 362 3540 d.
381 3487 448 3540 luat.
468 3489 489 3550 s.
508 3491 602 3539 interr.
621 3486 723 3539 ,Geeclu'
749 3486 792 3549 ΙΙ,
816 3502 845 3550 p.
865 3487 1025 3539 391—399.
1064 3485 1198 3547 Quaedam
1224 3491 1289 3536 reete

125 3560 358 3610 “animaduertit
376 3559 409 3610 R.
424 3558 596 3620 Goidsclimit,
618 3557 679 3609 ‘Die
697 3558 769 3621 Taya
785 3572 833 3607 con
852 3556 952 3606 Tribur
968 3557 1025 3606 und
1038 3555 1164 3607 Canooea'
1177 3556 1290 3618 (Mann-

169 3630 236 3681 lieim
258 3629 347 3698 1873).
431 3629 459 3694 3)
482 3628 514 3679 tu
529 3646 605 3695 papa
624 3632 774 3693 Auaustam
795 3630 899 3692 ueniret,
923 3632 983 3694 port
1001 3628 1047 3679 hoc
1062 3634 1172 3692 padum
1191 3628 1287 3677 initum

168 3702 272 3751 denium
298 3715 382 3750 ruente
407 3700 472 3753 Nou.
498 3701 538 3751 ael
561 3700 621 3751 Dec.
646 3700 815 3766 principibus
841 3699 982 3750 nonnullis
1006 3714 1023 3747 a
1046 3714 1120 3765 papo
1143 3699 1290 3764 pruritibus

168 3778 297 3822 statutum
324 3776 373 3834 est,
403 3777 433 3820 ut
459 3787 492 3821 ea
519 3771 661 3821 Bertlioldi
686 3776 709 3820 et
735 3771 874 3821 Brunonis
900 3770 1075 3821 relationibus
1098 3775 1179 3834 patet.
1224 3770 1292 3833 Reai

168 3848 272 3893 tantum
291 3843 444 3908 impositum
462 3847 508 3904 est,
532 3847 561 3891 ut
579 3858 606 3892 se
623 3842 891 3892 excommunicatione
909 3841 1094 3892 absolvendum
1112 3846 1227 3905 curaret,
1254 3840 1291 3889 ad

134 3914 239 3980 eoquod
263 3912 459 3979 impetrandum
485 3915 540 3979 ipse
562 3913 674 3962 Romam
700 3914 740 3962 ire
766 3913 855 3964 volarit.
900 3912 1045 3978 Lamperto
1069 3912 1172 3976 quidem
1199 3911 1290 3976 aliquo

170 3984 248 4035 modo
266 3986 412 4035 assentitur
425 3984 533 4047 Bonizo,
550 3983 609 4036 Lib.
624 3983 647 4047 I,
665 4000 693 4049 p.
707 3985 767 4036 609.
796 3983 848 4032 Seri
860 3982 1002 4032 Bmholdi
1018 3984 1177 4032 narrationi
1194 3983 1289 4046 optime

168 4055 310 4106 concordat
328 4055 439 4120 epistola
454 4055 589 4119 Greaorii,
610 4053 694 4117 Jaffi,
715 4053 786 4106 Bitl.
804 4053 843 4114 11,
860 4071 888 4118 p.
902 4054 954 4106 542
967 4070 1013 4118 sq,
1032 4069 1075 4104 nr.
1092 4055 1132 4105 17.
1187 4054 1214 4114 4)
1234 4051 1290 4101 Hoc

168 4142 222 4177 nou
243 4127 318 4191 pacti
341 4126 488 4176 mauron
513 4131 641 4176 statutum
666 4141 726 4189 esse,
752 4126 798 4174 sed
818 4131 878 4191 poet
901 4130 1008 4189 pactam
1033 4124 1130 4172 initum
1155 4123 1290 4188 [mincipes

169 4199 240 4248 inter
262 4213 289 4248 se
314 4196 418 4247 iurasse
437 4196 573 4249 Bm‘lliold.
596 4213 624 4262 p.
637 4197 699 4259 287,
727 4197 822 4247 Bruno
839 4196 917 4257 088,
947 4193 1048 4245 Bmiizo
1064 4209 1092 4257 p.
1107 4195 1166 4245 olo
1185 4208 1291 4242 cormor-

134 4268 263 4317 strlantea
287 4267 416 4327 tradam
441 4267 510 4317 amic
534 4267 630 4334 Lamp.
656 4268 726 4328 salsi
749 4268 913 4330 eoarauitur.
993 4264 1021 4328 5)
1039 4264 1080 4326 Cf.
1102 4264 1228 4314 Gratian.
1250 4263 1288 4326 ΙΙ,

171 4338 199 4391 0.
219 4338 275 4402 XI,
296 4353 321 4403 q.
340 4340 365 4400 3,
383 4353 404 4388 o.
423 4340 466 4392 36.
485 4340 528 4391 37.
609 4341 636 4402 6)
653 4337 726 4387 Haec
744 4338 798 4400 suit
815 4339 961 4402 praecipua
978 4337 1052 4402 pacti
1068 4336 1190 4386 caninio.
1229 4335 1292 4384 Vide

169 4410 244 4473 reaia
257 4410 460 4474 promissionem
479 4409 527 4472 (ab
544 4410 602 4474 ipro
619 4409 733 4474 quidem,
753 4415 782 4458 at
801 4407 964 4459 amnonius
981 4411 1089 4468 narrat,
1108 4407 1291 4468 immutatam)

170 4485 194 4532 et
212 4480 359 4546 epistolam
380 4479 442 4534 coa.
463 4479 557 4533 Udair.
576 4495 620 4533 nr.
634 4481 678 4534 52.
691 4481 735 4543 53,
757 4478 841 4546 Jafft,
863 4477 933 4531 Bibl.
948 4478 978 4541 V,
996 4495 1024 4544 p.
1039 4479 1089 4530 110
1101 4493 1139 4542 sq.
