2842 5026
203 428 320 482 XXXII
594 425 816 482 PRAEFATIO
836 425 865 482 0.
879 425 934 482 111.

310 609 445 672 Brevem
476 609 559 672 territo
589 608 726 673 libellum
755 607 855 686 fuisse
882 607 1075 671 Tritbemius
1104 609 1221 690 optimo
1249 630 1328 673 sane

205 698 273 762 iure
296 697 388 762 diait.
429 698 517 760 Nam
540 696 750 776 antiquiorem
765 695 952 759 monasterii
974 695 1025 760 sui
1048 696 1216 761 historiam
1232 697 1327 760 Lam-

198 792 309 868 pertus
326 806 446 867 parurn
469 791 623 863 aestuate,
650 784 728 864 oum
751 784 846 849 etiam
869 784 1023 848 lenissime
1045 786 1203 849 tractauit.
1252 786 1327 866 Ipse

204 875 329 956 uiridem
353 873 456 937 dircit¹
479 895 510 937 se
534 875 571 936 de
588 872 754 953 prioribus
776 872 940 936 abbatibus
962 893 1059 952 nsque
1074 876 1119 937 ad
1138 874 1327 938 Gorliertum

205 960 414 1045 (sio—984)
440 961 523 1025 nibil
546 961 659 1024 litteris
687 961 823 1025 inditum
853 959 1013 1041 reperisse,
1044 964 1100 1025 sed
1122 984 1231 1043 panca
1260 962 1349 1042 qni-s

204 1055 281 1130 deni,
301 1051 567 1133 praesertimque
586 1055 720 1130 tempore
743 1049 872 1129 uirisque
894 1049 1119 1113 monasterium
1136 1051 1263 1130 rexerit,
1288 1072 1326 1114 ee

204 1141 389 1205 Annalibus
413 1138 701 1218 Hersteldensibns,
732 1158 809 1217 qsuos
830 1142 942 1218 postea
965 1136 1001 1200 in
1024 1138 1144 1202 rriaiore
1172 1139 1253 1202 libro
1276 1160 1324 1203 er·

205 1229 340 1311 scripsit,
366 1249 546 1309 copnoseere
564 1226 724 1308 potuisset,
749 1225 817 1288 alia
840 1225 927 1289 lectis
945 1225 1167 1306 diplomatibus
1183 1233 1212 1291 et
1227 1226 1326 1291 cartis

204 1318 240 1381 in
264 1317 392 1381 arclrico
416 1315 638 1395 Hersfeldensi
668 1314 809 1393 sanatis,
840 1335 972 1394 qnorum
1002 1315 1159 1379 nonnulla
1188 1315 1256 1378 iam
1283 1318 1327 1379 ad

213 1407 315 1469 Vitam
335 1405 422 1468 lum
443 1406 687 1485 componendam
706 1403 902 1481 adhibuerat,
927 1402 1139 1467 addidicisset.
1181 1405 1246 1468 Sed
1259 1404 1326 1485 ipse
1337 1428 1364 1466 ιο

204 1494 307 1557 studio
330 1493 472 1557 historia?
496 1493 626 1573 peru'tus
654 1512 766 1555 carens
793 1496 885 1571 atque
907 1490 1033 1555 alienus
1049 1513 1170 1572 parum
1193 1494 1326 1557 curabat

205 1582 336 1661 antiqua
367 1587 514 1661 tempora,
546 1581 611 1643 solo
640 1579 744 1643 studio
773 1600 879 1643 reriun
908 1600 964 1642 suo
994 1585 1128 1660 tempore
1154 1586 1324 1662 pastorum,

204 1692 264 1751 qino
293 1675 394 1732 motus
423 1668 489 1732 iam
519 1689 646 1733 written
676 1667 758 1731 illud
786 1667 979 1748 ‹lcpnrditum
1016 1674 1243 1749 composuerat,
1283 1671 1327 1732 acl

205 1760 288 1823 bum
311 1758 448 1821 libellum
471 1757 728 1821 eorrseribendum
744 1756 894 1821 incitatus
917 1763 969 1836 est,
994 1763 1028 1819 ut
1051 1756 1117 1837 ipse
1140 1756 1188 1821 bis
1212 1757 1323 1836 dinitl,

205 1847 261 1911 boc
283 1846 344 1909 sibi
368 1845 497 1910 consilio
515 1845 715 1926 potissimum
732 1844 903 1925 proposito,
929 1851 963 1907 ut
982 1844 1186 1924 calamitates,
1212 1844 1326 1926 quibus
1339 1871 1363 1910 a

205 1934 430 1999 monasterium
453 1955 509 1997 suo
532 1939 667 2015 tempore
690 1954 870 2014 oppressum
892 1953 956 1996 esse
979 1932 1042 2013 ipsi
1071 1932 1244 2014 ridebatur,
1277 1955 1326 1997 en-

199 2029 340 2106 poneret.
394 2022 506 2102 Itaque
536 2043 616 2102 oriae
646 2024 683 2085 do
712 2020 902 2085 monasterio
933 2021 1155 2099 Hersfeldensi
1188 2024 1327 2101 firndato

206 2113 242 2175 in
273 2112 347 2174 Vita
370 2111 459 2174 Lulli
488 2110 658 2191 scripserat
686 2110 827 2173 broniolo
856 2109 1007 2190 repetiuit,
1039 2109 1096 2174 boc
1125 2110 1193 2191 ipso
1223 2110 1327 2175 libello

207 2200 334 2264 laudato
345 2201 365 2278 ³,
390 2199 462 2262 dein
486 2221 574 2262 mera
597 2198 728 2261 nomina
751 2198 979 2263 succendentium
1001 2197 1063 2262 sibi
1086 2199 1234 2263 abbatum
1252 2221 1327 2263 enu-

206 2288 351 2367 merarit,
383 2287 555 2369 perpaucis
589 2286 708 2351 additis
737 2289 775 2350 ile
805 2286 895 2350 libris
924 2293 952 2349 et
981 2287 1175 2351 ornamentis
1205 2289 1245 2351 ab
1275 2287 1365 2354 nisu

206 2376 379 2457 aeqrcisitis,
404 2397 483 2456 oriae
506 2375 600 2439 etiam
623 2397 679 2438 suo
703 2382 836 2456 tempore
859 2375 1017 2438 exstantia
1036 2374 1125 2439 oidit.
1177 2378 1265 2457 Qiine
1288 2378 1328 2439 de

211 2466 363 2530 Goellerlo
386 2466 496 2528 abbate
520 2464 656 2544 deposito
680 2463 834 2544 lepuutur,
859 2463 905 2526 ita
929 2469 1108 2544 repupnont
1130 2463 1266 2545 ueritati,
1290 2469 1328 2528 ut

206 2554 319 2618 diibius
349 2554 478 2616 lairere
507 2553 626 2634 possis,
665 2574 741 2616 urim
777 2552 843 2633 ipse
873 2552 1063 2632 Lampertus
1099 2559 1165 2615 tour
1199 2553 1328 2616 insulsa

204 2642 378 2723 scripserit,
410 2664 454 2705 an
484 2642 656 2705 inonaebus
678 2639 952 2704 Humerslebeusis
975 2662 1013 2703 ea
1036 2641 1239 2722 corruper·it⁴,
1270 2643 1330 2705 sed

204 2730 345 2810 equidem
375 2730 542 2795 Wilbelnro
573 2729 779 2794 Waltenbaeb
809 2729 965 2793 assentior
975 2730 995 2808 ⁵,
1034 2729 1088 2810 qui
1122 2736 1226 2794 monet
1259 2737 1365 2793 tamn

199 2840 319 2899 parum
349 2818 527 2899 dilipentern
556 2819 760 2898 Larnperlum
790 2818 890 2896 tuisse
921 2817 956 2880 in
986 2818 1077 2881 rebus
1106 2819 1248 2898 (cretionis
1277 2818 1328 2881 in·

206 2907 373 2989 stirpandis,
390 2913 424 2970 ut
438 2907 535 2985 fusile
551 2913 672 2970 tautam
689 2906 904 2984 confusionem
920 2906 1025 2984 facere
1035 2907 1184 2987 potuerit.
1219 2907 1328 2972 Plura

207 3047 232 3113 l)
252 3046 334 3108 lnsru
351 3065 378 3113 p.
392 3049 453 3110 347,
474 3046 490 3098 l.
504 3048 625 3105 27-35;
643 3046 678 3107 cf.
696 3045 774 3110 puni,
795 3045 874 3108 infra
889 3061 918 3110 p.
930 3047 990 3110 345,
1011 3044 1027 3098 l.
1042 3047 1139 3099 s-ls.
1194 3047 1221 3110 2)
1240 3045 1326 3109 Prot,

207 3119 284 3180 iufra
300 3135 328 3182 p.
343 3119 403 3181 345,
423 3118 440 3167 l.
457 3119 568 3170 12—14.
589 3122 611 3166 et
627 3133 655 3181 p.
669 3119 730 3178 348,
750 3117 765 3169 l.
779 3119 894 3169 23-27.
980 3119 1007 3176 3]
1028 3117 1112 3178 Infra
1128 3134 1155 3183 p.
1169 3118 1230 3177 347,
1250 3116 1267 3170 l.
1281 3118 1328 3170 25.

204 3192 248 3243 26,
291 3189 433 3252 Perperuru
460 3204 541 3253 treptie
567 3187 621 3237 iilia
647 3204 715 3237 sana
741 3189 847 3237 ratione
870 3189 948 3238 nisus
972 3187 1044 3236 dixit
1070 3188 1102 3240 F.
1123 3188 1213 3251 Stoile,
1243 3187 1367 3242 ‘Histso

205 3259 356 3310 Jabrbucb'
376 3259 460 3323 Xlll,
479 3278 506 3325 p.
520 3261 580 3312 447.
601 3258 758 3308 monachum
776 3258 1015 3308 Hamuslebeusem
1034 3274 1046 3309 c
1070 3258 1131 3308 Vita
1150 3258 1227 3308 Lulii
1243 3274 1327 3324 quao-

204 3332 266 3381 durn
300 3332 458 3395 ercerpsissc
487 3337 510 3380 et
542 3332 576 3378 iis
605 3346 673 3395 ariae
698 3346 731 3378 er
757 3329 821 3381 lust.
849 3328 968 3381 Heraclii.
995 3335 1145 3394 sumpserat
1171 3331 1326 3394 inseruisse,

204 3402 325 3465 neplcctis
343 3404 379 3451 iis
397 3417 464 3467 quiae
483 3404 537 3450 inm
552 3403 583 3451 G.
602 3400 697 3464 ll'aitz,
718 3400 767 3452 SS.
783 3400 812 3463 V,
831 3417 858 3466 p.
874 3403 932 3460 139,
953 3399 970 3452 l.
983 3402 1026 3452 21.
1045 3405 1112 3450 reolo
1129 3400 1246 3464 dixerat,
1268 3405 1326 3449 tum

206 3475 240 3523 iis
265 3488 332 3536 qliae
359 3474 414 3538 ipse
439 3473 481 3525 ‘N.
502 3471 611 3522 Arcbio’
637 3471 693 3535 IX,
719 3488 746 3537 p.
767 3472 870 3536 estio.
897 3474 949 3523 313
962 3487 999 3535 sq.
1025 3476 1047 3520 et
1080 3471 1118 3524 W.
1146 3471 1325 3535 li'attenbaclr,

207 3543 309 3605 ‘DGQJ
328 3544 367 3595 ed.
386 3545 410 3596 5.
432 3543 470 3604 ll,
492 3559 520 3607 p.
541 3545 582 3595 92.
603 3558 818 3608 inposueramus.
856 3542 969 3591 Rationi
993 3557 1135 3592 consonum
1160 3548 1239 3607 atque
1261 3557 1366 3608 per-35

205 3616 325 3680 murciam
351 3628 404 3663 non
429 3613 513 3664 sotum
537 3619 573 3662 est
592 3614 765 3679 Lampertum
788 3628 865 3663 suum
885 3612 984 3662 tibrum
1003 3612 1039 3661 ad
1057 3614 1241 3662 enarrandam
1261 3614 1328 3675 sun·

205 3684 337 3734 (latiorum
364 3685 519 3734 moirasterii
544 3686 726 3750 inscripsisse,
759 3685 804 3734 sed
829 3685 908 3732 etiam
934 3685 989 3748 ipse
1014 3685 1044 3732 in
1067 3683 1178 3749 proloqu
1203 3685 1244 3749 (p.
1262 3685 1324 3748 343,

206 3755 221 3808 l.
233 3757 267 3808 ‘27
277 3758 347 3819 sun.)
363 3755 436 3804 Vitae
448 3754 523 3804 Lulli
536 3754 619 3804 serbis
635 3770 700 3804 risus
712 3754 783 3804 dixit
802 3770 828 3805 se
847 3754 927 3817 infra
945 3759 1128 3804 narraturum
1147 3770 1176 3804 ca
1195 3770 1265 3819 quas
1283 3756 1328 3805 in·

205 3826 254 3888 fra
281 3841 293 3874 e
317 3826 376 3874 l'iln
403 3825 478 3874 Lulli
502 3827 636 3890 suscripta
661 3830 730 3877 suist.
781 3825 817 3874 Et
844 3826 933 3887 cerba,
960 3824 1057 3890 arcibus
1082 3825 1143 3875 Vita
1170 3824 1246 3875 laelii
1270 3824 1287 3878 l.
1307 3824 1326 3877 l.

205 3899 304 3946 citutur
321 3893 408 3960 (Haec
433 3937 438 3949 .
460 3937 465 3948 .
487 3937 492 3948 .
517 3894 624 3946 libellus
650 3894 683 3946 de
709 3895 765 3945 vita
790 3895 876 3947 saneti
898 3895 972 3947 Lulli
998 3894 1086 3947 editus
1111 3937 1116 3948 .
1138 3937 1143 3948 .
1165 3933 1170 3947 .
1195 3895 1365 3962 explicans

206 3969 336 4035 ipsissimi
353 3973 416 4017 sunt
428 3967 575 4032 Lampsili,
596 3972 683 4032 utpote
694 3968 743 4031 qui
760 3968 853 4017 iisdem
872 3967 957 4018 uerbis
976 3967 1064 4017 Vitam
1082 3967 1212 4030 Wipberti
1228 3967 1328 4017 lauda·

206 4040 270 4088 uerit
288 4040 317 4101 (c.
334 4041 374 4092 17.
394 4037 463 4088 siout
482 4036 570 4088 editus
589 4036 623 4088 de
636 4037 690 4087 vita
708 4036 765 4088 eius
785 4037 890 4088 libellus
909 4036 1030 4104 indicat),
1050 4043 1189 4087 mutuatus
1206 4053 1249 4088 eos
1266 4053 1328 4087 oum

205 4114 241 4159 tot
260 4110 324 4159 ultis
342 4125 358 4158 a
378 4109 451 4173 Snlp.
472 4109 573 4172 Seuero,
599 4110 648 4173 qui
666 4109 752 4174 Epist.
772 4109 794 4160 l.
814 4109 906 4159 baba:
929 4107 1014 4159 libelli
1032 4108 1094 4172 mei,
1114 4123 1197 4174 quem
1216 4107 1251 4160 de
1269 4107 1329 4159 vita

205 4179 278 4232 beati
297 4178 347 4230 viri
366 4177 479 4230 Martini
499 4178 579 4231 edidi.
643 4180 670 4244 4)
683 4179 792 4228 l'enitus
810 4179 971 4229 reiciendum
991 4185 1026 4229 est
1044 4179 1114 4246 qnod
1134 4179 1172 4232 W.
1192 4180 1223 4229 de
1237 4180 1329 4230 Giano-

205 4251 304 4313 brecbt,
333 4250 443 4302 ‘DKZJ
461 4250 499 4303 ut.
519 4254 544 4304 t).
564 4251 591 4313 I,
615 4267 643 4315 p.
664 4252 724 4302 847.
740 4253 895 4316 proposuit,
917 4267 946 4315 p.
967 4252 1027 4313 349,
1048 4251 1064 4304 l.
1084 4253 1108 4303 7.
1131 4265 1185 4315 pro
1204 4247 1367 4302 Ludouou

205 4322 340 4386 terrendum
352 4337 405 4372 esse
418 4320 557 4385 lothario,
570 4336 627 4370 cum
642 4320 775 4383 luitolfus
788 4323 842 4371 iam
856 4327 934 4371 antea
951 4323 1105 4372 nominatus
1116 4323 1160 4374 sit.
1225 4322 1252 4387 ὅ)
1265 4320 1329 4371 ‘Go-

204 4393 374 4446 sobicbtsobr.
393 4395 418 4445 2.
433 4392 536 4458 utrisq),
556 4391 680 4442 Lambnt
697 4409 725 4458 p.
741 4400 841 4458 XXVII,
859 4409 886 4445 u.
900 4395 925 4445 2.
