2842 5026
246 448 427 505 ANNALES
445 449 851 507 WEISSENBURGENSES.
888 453 924 506 Δ.
944 454 1129 508 1074-1147.
1213 456 1248 510 57

123 634 240 696 oravit
271 632 459 696 Dominum
496 633 631 697 intente
670 634 893 717 promisitque
928 635 1172 718 penitentiam,
1213 638 1248 699 et
1258 623 1384 716 *fflff'

123 742 272 805 regnum
296 722 370 785 eius
393 722 634 785 confirmatum
658 726 721 786 est.
812 722 942 786 Eodem
967 744 1057 788 anno
1082 724 1398 806 dissipatasaw.

124 815 209 873 sunt
239 810 391 887 castella,
423 831 510 893 quae
540 830 599 874 rex
622 810 708 874 fecit
737 811 774 874 in
797 811 1045 875 offendiculum
1070 811 1247 876 Saxoniae.

125 898 207 982 Ipse
231 903 284 963 est
307 919 366 963 rex
381 898 576 975 Heinricus‚
601 899 660 982 qui
683 899 822 963 excluso
845 900 1027 983 episcopol
1049 901 1166 965 sedem
1182 900 1248 965 sibi

100 986 212 1051 eiecit
236 986 465 1052 Wormaciae.

233 1075 321 1139 Mill.
346 1075 486 1138 LXXV.
533 1075 718 1140 Heinricus
747 1097 807 1140 rex
835 1077 1031 1141 universam
1062 1077 1160 1160 regni
1194 1077 1248 1140 sui
1260 1086 1337 1139 1075.

124 1165 320 1228 contraxit²
341 1164 510 1240 militiam,
535 1165 712 1247 ingentem
728 1165 861 1230 scilicet
876 1165 1074 1241 exercitum,
1100 1168 1136 1229 et
1150 1165 1248 1229 iuxta
1256 1188 1319 1236 (ιη...
1326 1190 1360 1237 s).

124 1251 273 1316 Unstrot
303 1253 447 1316 fluvium
481 1252 612 1317 bellum
646 1252 768 1316 intulit
801 1253 1008 1330 Saxonibus;
1044 1254 1093 1317 ibi
1129 1254 1247 1318 multis

123 1341 266 1405 milibus
296 1341 469 1425 utrimque
498 1341 732 1425 interemptis,
763 1363 822 1406 rex
851 1343 993 1406 tandem
1016 1342 1127 1406 victor
1150 1343 1248 1406 effec-

87 1450 114 1485 m
122 1434 182 1492 tus
206 1434 269 1494 est.

234 1518 467 1583 Herimannus
491 1518 788 1601 Babenbergensis
812 1519 1001 1603 episcopus,
1026 1519 1077 1581 vir
1101 1520 1248 1582 mendax
1323 1509 1326 1515 ’

123 1612 160 1670 et
184 1607 354 1671 avariciae
377 1607 525 1681 deditus,
555 1611 736 1691 postquam
760 1607 850 1671 sedit
873 1628 981 1670 annos
1004 1607 1047 1684 X,
1079 1608 1142 1671 sub
1167 1605 1248 1671 Gre-

123 1696 222 1778 gorio
247 1716 337 1779 papa
360 1696 465 1779 digna
488 1696 714 1760 damnacione
738 1696 915 1779 depositus
939 1700 1001 1760 est.

233 1784 366 1848 Iterum
389 1804 448 1848 rex
471 1784 656 1848 Heinricus
680 1805 758 1848 cum
781 1788 914 1849 armato
937 1784 1048 1848 milite
1065 1784 1248 1848 Saxoniam

85 1873 310 1954 oingressus,
336 1872 487 1937 Saxones
510 1894 645 1956 quoque
669 1893 789 1956 pacem
812 1876 970 1956 petentes
994 1873 1154 1956 suscepit,
1187 1873 1367 1943 rodoam.

124 1961 254 2025 sevicia
276 1962 386 2044 magis
408 1982 511 2044 quam
535 1955 667 2044 gratiab
695 1962 872 2026 insecutus
895 1965 948 2025 est
970 1962 1158 2025 universos.

233 2190 321 2253 Mill.
335 2190 550 2253 LXXXVII.
597 2191 746 2255 Bertha⁰
767 2191 968 2275 imperatrix
996 2190 1093 2255 obiit.
1138 2189 1336 2254 Coun-1087.

125 2280 230 2343 radus
253 2280 368 2343 factus
392 2284 446 2343 est
468 2300 527 2343 rex
551 2279 620 2341 III.
645 2279 724 2343 Kal.
750 2280 844 2342 Iunii
867 2279 1086 2363 Aquisgrani.
1258 2302 1355 2341 naisso

232 2367 322 2431 Mill.
336 2367 511 2431 CXLVII.
564 2363 662 2431 Rernd
701 2367 882 2432 Ounradus
921 2389 1057 2432 crucem
1096 2366 1337 2450 suscepit1147.

85 2457 169 2521 mad
193 2456 452 2539 expedicionem
476 2456 791 2521 Iherosolimorum.

125 2640 146 2666 ιτ
161 2629 207 2666 mii.
223 2634 293 2667 contr.
307 2640 365 2667 cunr.
379 2634 451 2667 contr.
466 2628 512 2667 mii.
526 2640 544 2668 c.
613 2628 637 2677 b)
655 2628 726 2678 grim,
746 2640 767 2668 m
782 2639 868 2668 warum
883 2639 901 2667 c.
970 2626 991 2674 e)
1005 2628 1057 2666 hooc
1071 2639 1137 2665 manu
1151 2628 1178 2675 G,
1193 2636 1248 2676 quoa

125 2683 157 2744 au
170 2682 234 2719 alicui
247 2683 342 2730 scripsit,
358 2681 436 2720 addita
448 2686 498 2720 mut
513 2683 535 2720 in
548 2693 567 2721 c.
635 2682 658 2731 d)
675 2683 727 2721 hacc
742 2692 809 2720 monn
823 2681 852 2729 11,
871 2691 927 2730 quac
940 2682 972 2719 nil
986 2681 1048 2719 aliud
1061 2682 1155 2730 scripsit,
1171 2680 1247 2718 addon

126 2747 147 2772 In
162 2747 180 2774 C·

126 2879 152 2943 l)
171 2877 325 2931 „scotbaro
