2842 5026
350 393 545 450 Lasffussl
562 394 748 450 ANNALES.
785 395 820 450 A.
841 398 917 451 1073.
1142 395 1193 450 161

109 577 264 640 unibusa
285 599 354 643 rem
370 579 540 662 publicam
555 581 736 643 vexaturus
752 578 941 642 timeretur.
977 575 1009 638 N
1012 597 1057 639 on
1073 576 1193 658 paucis
1204 584 1283 638 1073.

109 659 227 728 iebusl'
262 667 346 731 haec
377 667 575 732 deliberatio
609 686 685 731 eum
719 667 889 731 incertum
921 685 1192 749 suspensumque

109 754 235 818 rnebat.
283 755 328 818 Et
351 757 503 838 profecto
526 756 661 820 vicisset
684 756 840 831 avaricia,
866 755 1077 838 privatisque
1100 754 1192 816 utili-

109 843 215 905 rtibus
250 844 394 908 salutem
429 845 575 907 militum
609 845 879 928 posthabuisset,
916 844 982 907 uisi
1021 843 1193 926 principes

109 932 190 1014 agni,
216 932 343 996 crebris
366 933 591 1016 legationibus
614 934 754 1016 fatigati
777 934 820 997 ab
840 933 894 996 his
917 933 976 1015 qui
993 932 1193 997 obsideban-

109 1040 149 1095 rr,
182 1021 336 1084 unanimi
360 1021 499 1086 consilio
523 1043 598 1087 eum
623 1023 839 1087 adorirentur
869 1025 904 1086 et
928 1025 1093 1084 nontam
1118 1043 1193 1105 sup-

109 1107 244 1172 licando
275 1130 376 1191 quam
406 1111 641 1174 comminando
676 1116 711 1175 et
745 1112 906 1176 terrendo
941 1111 985 1174 ab
1021 1111 1195 1174 sententia

109 1197 293 1261 educerent
305 1199 324 1258 ¹.
381 1198 502 1281 Itaque
539 1200 575 1262 in
610 1200 841 1283 assumptione
877 1203 1016 1264 sanctae
1052 1199 1304 1276 Mamaeanas,

109 1306 161 1347 rm
191 1287 305 1350 adhuc
329 1286 531 1352 Herveldiae
560 1292 657 1364 esset,
688 1289 782 1352 misit
812 1289 871 1371 qui
894 1289 1060 1371 Magnum
1085 1291 1194 1352 custo·

109 1373 159 1438 iae
190 1379 385 1458 exemptum
415 1377 484 1439 suis
507 1377 729 1442 restituerent
755 1381 790 1442 et
814 1399 871 1442 eos
895 1378 954 1460 qui
978 1378 1014 1439 irr
1038 1378 1194 1460 predicto

109 1462 225 1527 rstello
249 1464 386 1527 iamiam
409 1466 573 1548 puniendi
597 1467 820 1531 servabantur
843 1467 1022 1531 obsidione
1051 1470 1086 1530 et
1110 1467 1194 1549 peri—

109 1551 160 1615 rlo
185 1552 380 1617 liberarent.

188 1640 349 1724 Turingi⁰
379 1664 510 1725 quoque
535 1643 741 1727 conglobata
764 1666 803 1708 ex
828 1644 949 1707 vicinis
974 1644 1057 1707 locis
1082 1643 1196 1706 multi·

109 1729 203 1793 rdine
240 1727 491 1795 Heimenburc‘l
529 1732 708 1797 castellum
744 1732 976 1796 obsederuntl
1010 1733 1196 1814 paucisque

109 1817 202 1880 iebus
227 1820 260 1880 ri
284 1823 320 1882 et
342 1821 443 1883 armis
467 1825 701 1905 oppugnatum
730 1827 894 1905 ceperunt
925 1825 1029 1903 atque
1060 1842 1195 1885 succen-

109 1910 217 1970 srunt.
265 1907 332 1969 Eos
362 1909 420 1990 qui
449 1909 561 1972 intus⁰
591 1915 698 1983 erant,
731 1911 873 1974 castello
904 1931 1031 1985 everso,
1064 1910 1195 1974 dimise·

109 1998 161 2057 ml
185 1996 382 2078 impunitos,
408 2000 447 2059 ut
470 1998 601 2062 scilicet
624 2020 659 2063 se
684 1999 868 2082 probarent
892 2020 961 2062 non
981 1998 1101 2062 hostili
1117 1999 1196 2062 odio

109 2083 243 2147 lversus
267 2107 381 2168 regem
400 2107 494 2149 arma
517 2088 708 2170 sumpsisse,
735 2089 794 2152 sed
816 2091 954 2151 tantum
979 2091 1018 2150 ut
1041 2088 1195 2161 iniurias,

109 2171 204 2235 uibus
235 2175 328 2257 regio
359 2195 474 2238 eorum
505 2196 565 2257 per
594 2176 802 2239 calumniam
825 2177 1093 2259 opprimebatur,
1123 2199 1196 2259 pro·

109 2260 289 2325 ulsarentss.
335 2263 496 2327 Protinus
520 2264 579 2326 alii
603 2265 745 2328 castello
769 2266 860 2347 quod
884 2260 1080 2329 ascriberes
1109 2266 1196 2329 dice-

109 2354 182 2412 atur
207 2351 393 2414 exercitum
418 2352 651 2425 admoverunt,
684 2357 719 2416 et
743 2354 823 2435 quia
847 2357 988 2437 propter
1012 2354 1195 2417 difficulta-

109 2460 148 2500 rm
184 2437 337 2502 locorum
371 2440 513 2503 militari
548 2464 651 2504 manu
690 2443 766 2524 capi
804 2463 902 2525 posse
938 2443 1194 2525 desperabatur,

109 2527 200 2589 istria
232 2528 493 2611 circumquaque
524 2531 644 2612 positis
674 2531 888 2614 sat-agebant,
921 2553 964 2596 ne
996 2532 1052 2594 cui
1087 2532 1195 2615 ingre-

109 2615 197 2680 iendi
221 2616 274 2679 vel
306 2617 503 2699 egrediendi
534 2619 632 2701 copia
656 2621 762 2693 fieret,
793 2624 834 2682 ut
858 2641 942 2702 quos
969 2621 1122 2683 humana
1145 2621 1195 2683 vis

109 2725 147 2767 su
187 2708 336 2786 poterat,
376 2706 615 2770 alimentorum
659 2707 776 2790 inopia
815 2713 1043 2792 expugnaret;
1085 2709 1194 2770 hams

109 2793 182 2857 ubie
214 2793 373 2868 scientes,
405 2796 495 2876 quod
527 2796 668 2872 cibaria,
703 2799 922 2878 quantumvis
953 2798 1089 2880 copiose
1121 2817 1195 2859 con·

109 2885 189 2955 esta,
223 2883 439 2946 multitudini
469 2905 555 2966 quae
585 2885 679 2947 intus
710 2888 784 2948 erat
819 2887 854 2948 in
885 2886 1028 2969 longum
1059 2890 1196 2966 ternpus

109 2970 237 3034 rificere
262 2993 329 3033 non
353 2976 501 3054 possent.

186 3058 325 3122 Interea
355 3082 413 3123 rex
436 3061 555 3124 videus
584 3061 856 3125 coniurationem
888 3062 996 3142 magis
1019 3059 1197 3142 magisque

109 3176 113 3208 r
137 3147 211 3211 dies
236 3149 471 3213 convalescere
495 3150 677 3233 copiasque
701 3149 854 3212 hostium
878 3148 1006 3231 augeri,
1036 3147 1197 3210 conterri-

113 3338 217 3376 (ΜΗ.
274 3338 427 3384 morasse.
476 3337 728 3390 c)'rhur.1³rb.2.3b.
771 3335 838 3383 dlsr'c
853 3334 1198 3383 111.Bruabnuceclarsus),

109 3395 180 3428 ertum
191 3404 240 3428 nram
252 3392 399 3431 Heiuronburc
410 3405 438 3430 nn
448 3394 595 3432 Henneuburc
609 3393 712 3440 amptum
722 3393 750 3428 cst
765 3392 787 3428 r'a
797 3389 858 3438 Blb5
874 3391 1006 3429 llenneburc
1016 3389 1062 3428 Ba.
1105 3391 1125 3434 e)
1139 3388 1199 3427 lnlro

109 3447 136 3483 1¹.
192 3446 209 3483 fr
223 3446 254 3482 xic
268 3445 646 3496 s.1.Ar;AsenbergB1.as¹›.
701 3443 923 3495 muccosum.

125 3586 167 3650 Cf.
186 3603 270 3653 srepru
289 3606 315 3654 p.
335 3591 377 3653 93,
397 3605 423 3641 n.
442 3591 466 3641 2.
501 3589 596 3638 Bruma
614 3603 634 3641 c,
648 3589 690 3640 21.
710 3585 783 3637 nihil
801 3585 832 3636 dc
850 3585 1023 3652 principibus
1040 3584 1200 3636 interceden-

109 3658 148 3707 'ms
167 3657 237 3710 dicu.
310 3661 338 3723 2)
363 3659 501 3709 Saxonum
528 3661 583 3708 aaa
609 3659 686 3708 nulia
712 3663 831 3709 castrum
856 3657 1038 3722 Heimcnbury
1062 3656 1197 3721 obsedisse,

110 3729 179 3791 inde,
206 3745 262 3778 curn
289 3730 320 3778 aa·
346 3732 408 3780 sacti
432 3735 521 3793 assent,
546 3730 716 3781 Frr'dericum
743 3731 861 3780 comitem
884 3729 1038 3795 palatinum
1066 3744 1124 3778 cum
1152 3744 1200 3778 aar

109 3799 185 3849 ilibus
210 3802 345 3852 severasse
370 3801 406 3851 ad
429 3806 546 3852 caurum
571 3801 741 3853 obsidendas
767 3806 888 3851 accurate
915 3801 1000 3863 refert
1029 3799 1142 3851 Carmen
1169 3798 1202 3847 de

121 3869 222 3923 saxon.
242 3871 411 3936 Las—124.
449 3871 524 3922 Inter
548 3874 638 3937 copisa
659 3873 783 3938 palatini
805 3873 916 3935 cernitis,
943 3885 1002 3920 crem
1024 3886 1083 3919 eum
1099 3883 1200 3933 posses-

109 3956 164 3992 mes
190 3944 216 3991 r'n
248 3943 401 4007 Thurinpr'a
427 3943 550 3994 latrasse
574 3949 676 4007 constet
703 3959 747 3994 nec
774 3942 955 4005 Heirrrenbury
979 3941 1056 4003 Icnye
1081 3939 1157 3988 distet
1183 3954 1199 3986 u

109 4011 177 4063 ribus
200 4013 377 4079 Thurinyiuc,
401 4013 555 4079 Thurinqos
573 4015 686 4078 affuisse,
701 4012 839 4081 probabile
857 4017 901 4064 ar.
940 4011 982 4072 Of.
1002 4025 1069 4074 quaa
1087 4009 1201 4072 exposui

109 4084 121 4137 l.
136 4084 246 4134 Archr’c’
259 4085 339 4147 XIX,
354 4085 420 4146 fasc.
434 4087 466 4144 ‘2,·
486 4087 518 4138 G.
535 4086 631 4150 ll'uitz,
647 4086 760 4136 Caranon
773 4084 805 4132 de
817 4082 840 4135 b.
854 4082 956 4132 Soron.
968 4096 997 4144 p.
1011 4082 1062 4138 31,·
1080 4077 1201 4129 Saroncs

109 4155 205 4206 sedisse
218 4155 367 4219 Hcimhrrp
385 4156 448 4206 dicit-
466 4159 544 4207 eliam
565 4157 703 4206 sustulistis
716 4153 808 4205 Auca,
825 4171 853 4219 p.
866 4153 909 4206 86.
986 4152 1013 4215 3)
1032 4149 1118 4199 Immo
1135 4149 1200 4213 quic

109 4226 218 4276 clarinus
235 4242 319 4278 comcs
337 4228 433 4278 milites
450 4229 563 4292 pecunia
582 4231 604 4276 rt
619 4225 763 4291 promissis
781 4226 952 4290 corruperat,
973 4225 1002 4270 ut
1020 4225 1137 4270 castrum
1157 4219 1201 4269 de·

109 4302 176 4358 rent,
199 4313 241 4349 cos
260 4315 293 4347 ca
308 4304 387 4362 pacto
405 4298 481 4348 ubire
496 4298 628 4364 pcrarcisr't,
651 4301 680 4344 ul
696 4299 772 4361 poeto
792 4295 820 4342 in
840 4293 930 4346 earm.
950 4291 974 4356 J,
995 4294 1038 4345 90.
1056 4290 1199 4344 91.1·25*

109 4370 139 4421 8.
159 4384 215 4418 rere
231 4370 329 4434 procul
346 4369 426 4419 dubio
444 4373 552 4429 nrrrrul,
572 4368 621 4430 qui
637 4381 679 4416 eos
698 4366 788 4414 tunimo
807 4365 916 4415 irritato
933 4362 1117 4428 increpaverit

952 4471 984 4523 ll
