2842 5026
182 451 278 507 XLIV
575 449 796 505 PRAEFATIO
816 449 845 507 O.
858 449 910 506 IV.

183 633 248 697 iam
273 632 327 697 ίΝ.
345 632 476 696 Arcbiv’
502 631 607 711 XIX,
627 654 661 713 p.
682 636 879 695 lov—213.
903 630 1108 713 exposuerim,
1139 629 1209 693 alia
1232 650 1305 693 mov

176 721 400 803 propositurus
422 719 482 784 sim
493 722 514 782 ⁵.

289 810 479 890 Lampertus
501 809 567 889 ipse
591 808 715 872 (lr'aerat
737 830 769 872 se
792 807 925 872 moeniis
945 806 1130 871 arronvasterii
1146 806 1305 871 inclusum

177 918 296 980 porum
320 903 476 979 consperto
499 898 612 961 babere
625 903 713 977 aesta
732 918 840 978 renum
855 903 884 960 et
900 895 1094 978 panormum,
1119 895 1186 977 r'pse
1209 894 1305 959 etiam

183 986 265 1051 (livit
286 1007 319 1050 se
341 985 572 1067 reprehensum,
603 987 687 1065 azrael
714 985 802 1064 falsa
823 984 992 1066 proberis
1019 984 1055 1048 in
1083 983 1226 1049 carmine
1248 1005 1327 1047 suos

183 1074 375 1139 narraverit.
418 1074 590 1154 Utrumque
612 1073 686 1138 bene
709 1075 892 1154 notandum,
916 1072 1109 1137 siAnnales
1131 1071 1200 1137 eius
1224 1070 1305 1137 ‹liin-

184 1162 292 1228 dicare
306 1163 364 1226 vis.
404 1164 428 1226 Ι
430 1163 498 1227 llarl
520 1162 604 1226 enim
626 1161 715 1226 bunut
736 1162 828 1227 ‹lerbie
842 1183 951 1226 verum
966 1161 1039 1240 srvit.
1078 1161 1231 1226 Attamen
1246 1160 1305 1225 iste

183 1251 220 1315 in
235 1252 419 1316 Annalibus
435 1250 574 1315 anartium
594 1272 701 1314 rernm
721 1250 757 1314 iu
776 1272 811 1314 re
828 1250 958 1332 publiea
972 1256 1142 1331 vastarum,
1167 1248 1304 1314 seeretis-

183 1339 336 1404 simorum
364 1339 459 1404 etiam
488 1346 629 1404 aetorum
661 1345 846 1420 maanatum
876 1338 989 1419 optime
1017 1359 1140 1420 yrmras
1169 1337 1304 1416 videtur,

183 1428 264 1494 seire
279 1450 311 1492 se
321 1429 499 1509 profitetur,
524 1427 602 1508 quiet
617 1427 652 1490 in
666 1427 793 1492 seeretis
808 1426 971 1508 colloquiis
987 1426 1174 1508 principum
1189 1433 1303 1507 aetum,
1315 1449 1342 1488 ιο

184 1536 263 1597 quae
286 1537 409 1580 areana
426 1522 524 1598 pasta
547 1536 603 1580 rea
626 1523 654 1579 et
677 1515 791 1580 summi
806 1522 970 1598 nmanates
985 1514 1127 1595 inierint,
1152 1534 1233 1596 quae
1248 1535 1306 1578 rea

183 1611 212 1669 et
234 1603 413 1669 consiliarii
436 1604 503 1668 eius
525 1610 639 1669 secreto
669 1603 705 1667 in
735 1625 861 1669 camera
881 1603 1011 1685 palatii,
1042 1624 1122 1684 arrae
1139 1603 1306 1684 principes

185 1693 348 1758 Senonum
371 1693 498 1757 rebelles
512 1692 549 1756 in
564 1692 692 1757 oeeullis
707 1692 925 1758 conciliabulis
941 1691 1192 1757 deliberaverint.
1228 1692 1305 1755 Non

183 1781 279 1861 facile
302 1783 408 1845 eredes
430 1781 618 1846 amnaeluam
634 1781 892 1859 Hersfelelensem
914 1782 990 1845 baec
1013 1780 1121 1845 auraria
1139 1801 1211 1845 vere
1226 1800 1304 1845 eom·

177 1876 273 1952 perta
296 1869 450 1934 babuisse.
502 1869 563 1950 Qui
592 1870 679 1933 baud
702 1890 810 1951 piraeo
840 1870 877 1934 de
907 1871 999 1934 rebus
1026 1869 1062 1933 in
1086 1868 1187 1932 Italia
1209 1868 1343 1950 aestisa

184 1957 352 2022 memoriae
375 1957 518 2022 tradidit.
567 1957 694 2022 Saliis
721 1957 860 2023 enarssis
889 1956 1030 2022 iuvenies
1060 1979 1129 2021 meru
1159 1958 1305 2022 ambram

184 2048 346 2127 qaauauu
377 2048 539 2111 obscuram
568 2067 676 2111 reram
705 2066 776 2110 vere
804 2053 972 2127 vestanam,
1003 2051 1038 2109 at
1067 2045 1114 2109 ita
1143 2045 1258 2126 elisano,
1289 2068 1306 2109 e

185 2134 355 2217 lonqinquo
382 2133 506 2215 vidisse,
537 2141 642 2199 tamen
672 2136 823 2199 audacter
845 2135 916 2213 fine
945 2134 1124 2216 eomoseque
1154 2134 1307 2199 narravit

184 2244 264 2304 qaae
286 2223 455 2305 ianoravit.
513 2223 575 2304 Qui
591 2224 751 2304 monella
774 2222 899 2303 quidem
922 2224 1074 2288 derebus
1096 2224 1184 2304 amiel
1207 2223 1306 2287 Savo-

184 2333 240 2376 nes
261 2311 356 2393 ¹vestis
378 2310 493 2390 retulit,
517 2313 573 2376 secl
594 2312 623 2375 si
640 2311 815 2393 perornans,
838 2332 917 2392 onae
937 2332 1008 2376 vere
1023 2317 1096 2376 aeta
1111 2310 1344 2391 narraveritis

184 2400 292 2465 omnia
314 2400 382 2479 fere
397 2421 418 2463 a
438 2399 614 2481 tluvrinqis
636 2406 665 2464 et
687 2401 775 2480 apud
796 2421 847 2464 eos
867 2406 956 2481 aesta
978 2399 1128 2480 invenies,
1153 2401 1191 2464 (le
1207 2400 1305 2466 Savo

183 2488 277 2553 nibus
293 2487 492 2569 paureissima
515 2510 584 2552 vere
608 2489 710 2553 relata
733 2510 805 2552 esse.
844 2489 920 2553 Non
942 2487 1059 2552 miram
1082 2487 1118 2552 in
1141 2488 1304 2567 mormvluo,

183 2577 238 2658 qui
261 2576 297 2640 in
320 2576 448 2641 abbatia
475 2576 675 2657 Thurinviae
704 2576 820 2657 meina,
851 2597 931 2657 qaae
960 2576 996 2641 iu
1024 2575 1209 2658 Tbnrinqia
1232 2597 1306 2657 per·

183 2666 299 2729 rasullas
316 2665 529 2745 possessiones
552 2665 692 2746 habebat,
723 2665 779 2729 sub
809 2665 918 2729 abbate
942 2665 1025 2746 reqis
1048 2664 1149 2729 amieo
1172 2664 1304 2729 vivebat.

184 2752 307 2818 Revera
329 2752 527 2834 paucissima
550 2756 588 2818 ule
610 2754 702 2817 rebas
724 2753 808 2818 inter
829 2775 933 2835 reaem
959 2760 988 2818 el
1017 2759 1189 2835 manuales,
1220 2752 1343 2817 interos

184 2841 268 2923 r'psos
291 2841 455 2921 minerves
482 2841 578 2923 vestis
607 2849 762 2923 cermeria
785 2842 926 2922 babebat,
956 2844 1011 2906 secl
1033 2864 1102 2906 eum
1125 2841 1197 2906 odio
1219 2840 1306 2924 reais

182 2929 362 2993 stimulatas
379 2951 522 3010 pennam
544 2930 708 3010 arriperet,
739 2937 774 2994 at
803 2952 905 3012 renem
934 2930 1014 2994 insto
1038 2929 1107 2995 iure
1131 2929 1305 3012 depositam

183 3039 248 3082 esse
271 3019 451 3098 osteraleret,
475 3018 559 3082 nituit
581 3019 716 3099 efficere,
740 3019 769 3082 si
792 3019 999 3084 haecomnia
1023 3019 1143 3083 ivetaeta
1160 3017 1305 3100 reliquis

183 3112 240 3186 set,
274 3105 336 3170 sibi
364 3105 451 3170 visas
480 3112 534 3170 est.
590 3107 704 3188 Itaque
741 3129 821 3188 uerae
857 3107 986 3171 nescivit
1023 3113 1214 3172 eonsmentas
1248 3113 1304 3171 est.

184 3194 303 3259 Paucis
325 3215 392 3258 rem
415 3196 584 3259 absolvam.
645 3196 686 3261 Ul
715 3196 751 3259 in
782 3196 855 3259 Vita
880 3196 969 3259 Lulli
992 3203 1093 3260 ariolus
1115 3195 1219 3260 studio
1240 3195 1342 3277 ylo-so

183 3282 266 3347 riam
290 3283 384 3347 lunius
407 3283 634 3366 archiepiscopi
656 3285 795 3366 arryeueli
811 3285 957 3365 piissima
979 3284 1173 3366 sucos-itanu,
1197 3283 1245 3347 ita
1267 3283 1305 3348 in

183 3371 367 3436 Annalibus
390 3378 490 3436 mot-us
514 3373 584 3437 oclio
608 3372 692 3455 renis
714 3374 936 3453 fautorumque
959 3373 1027 3438 eius
1056 3379 1085 3436 et
1114 3373 1219 3437 strutio
1241 3373 1305 3455 alo·

182 3459 268 3523 riam
290 3460 441 3524 Alouanis
471 3461 609 3541 auvendi
633 3461 779 3543 plurima
806 3468 994 3526 emnmentus
1021 3468 1083 3539 est;
1113 3461 1205 3525 utin
1230 3460 1305 3526 Vita

183 3547 272 3612 Inelli
302 3554 412 3629 raptus
441 3548 545 3613 staulio
575 3556 674 3613 artem
704 3549 770 3614 stili
799 3549 850 3613 sui
879 3550 1127 3632 elevantiamqae
1148 3549 1305 3614 sermonis

183 3636 361 3700 ostentandi
397 3637 497 3701 malta
531 3638 685 3716 confinxit
719 3638 942 3720 annuntiavitque
972 3659 1051 3720 areae
1082 3638 1144 3720 apsi
1174 3638 1219 3702 ad
1247 3638 1340 3714 bosso

183 3730 259 3805 apta
293 3724 489 3804 videbantur,
525 3724 572 3789 ita
608 3725 642 3789 in
671 3726 856 3791 Annalibus
885 3728 1064 3807 inruvmera,
1095 3726 1237 3792 minutas
1266 3747 1305 3792 ae

182 3810 334 3876 minimas
356 3834 407 3876 res
430 3813 533 3893 etiam,
565 3835 794 3896 normurmuam
817 3814 920 3895 etiam,
950 3815 1004 3880 ubi
1032 3836 1129 3896 neque
1152 3815 1304 3880 artiones

183 3901 293 3979 favore
309 3901 446 3966 alicrrius
462 3902 649 3983 invematur,
668 3910 855 3968 eouznuutas
870 3911 913 3968 est
923 3906 943 3983 ²,
960 3910 994 3968 ut
1010 3905 1168 3985 elevantes
1180 3925 1218 3968 ae
1235 3925 1303 3969 con·

183 3988 276 4053 vinno
305 3997 469 4070 narraret,
507 3997 541 4054 nt
570 3990 698 4071 sirmula
722 3998 905 4072 persecutus
935 3993 1085 4058 coaevitate
1114 4014 1152 4057 ae
1181 3991 1304 4071 fervide

182 4099 234 4142 res
254 4085 358 4158 vestas
381 4079 560 4160 ‹lemnueret
582 4080 814 4161 effinqmetqne,
839 4087 873 4143 at
892 4080 1001 4144 eniruii
1017 4102 1123 4145 rerum
1138 4079 1340 4161 scriptoram

183 4187 295 4231 nomen
325 4174 504 4247 inereretur,
536 4168 625 4231 bomo
656 4175 811 4249 constans,
843 4169 876 4232 ia
903 4168 976 4233 Vita
1000 4170 1089 4233 Lalli
1117 4176 1145 4234 et
1173 4169 1208 4233 in
1237 4191 1303 4234 ear·

182 4255 267 4320 mirre
289 4262 318 4319 et
341 4255 377 4319 in
400 4255 584 4320 Annalibus
606 4278 702 4338 aequa
725 4280 827 4322 varens
853 4258 1055 4340 incertusque.
1098 4259 1208 4339 Neque
1231 4279 1304 4322 vero

185 4391 210 4456 1)
228 4393 271 4446 ‘X
285 4395 393 4445 Arclu'r'
413 4394 493 4457 XIX,
513 4396 578 4456 fase.
591 4398 615 4448 3.
683 4398 711 4460 2)
733 4396 764 4447 l't
784 4398 810 4446 ln
831 4397 910 4462 lorsqu
929 4399 1088 4447 narratione
1106 4413 1199 4448 reram
1218 4397 1305 4448 man-

182 4463 318 4516 virensium
338 4482 362 4518 a.
378 4469 455 4528 1071,
471 4483 501 4531 p.
517 4468 665 4521 tvl-125.
