2842 5026
334 430 535 486 LAMPERTI
553 430 744 485 ANNALES.
780 431 816 485 A.
837 434 914 487 1065.
1154 434 1187 485 97

63 634 143 676 eum
163 636 269 697 penas
293 635 354 696 pro
377 614 557 696 impietate
580 613 753 688 daturum,
778 612 869 694 quod
893 613 1044 695 impuras
1069 610 1277 674 manus1065·

63 702 102 763 in
126 703 340 766 sacerdotem
358 701 488 764 Christi
512 703 676 785 profanus
701 705 736 765 et
759 701 929 764 idolatraa
957 701 1094 763 mittere
1119 679 1312 782 pre-³¹“”‘²⁷'

65 792 279 873 sumpsisset.
329 791 472 852 Irruunt
496 790 653 873 protinus
677 790 737 852 alii
761 789 876 853 elerici
901 792 936 852 et
959 788 1040 851 laici
1064 793 1189 851 ettam

65 878 148 942 huic
174 900 276 961 quam
301 880 444 942 caeteris
475 879 533 961 qui
563 879 600 941 in
628 878 830 941 cenaculum
854 878 1080 941 ascenderant
1104 876 1189 940 adeo

42 968 152 1029 sartis
183 967 328 1031 nexibus
358 987 479 1029 manus
509 988 530 1029 a
560 970 658 1049 tergo
689 966 947 1048 constringunt,
980 970 1019 1027 ut
1050 965 1190 1046 sanguis

66 1055 241 1137 plerisque
279 1059 382 1138 rupta
420 1060 499 1119 cute
539 1075 599 1137 per
637 1076 769 1136 ungues
808 1055 1003 1136 proflueret.
1050 1052 1190 1117 Perlato

66 1144 210 1206 audacis
248 1144 335 1206 facti
373 1143 501 1206 indicio
540 1144 583 1205 ad
620 1164 677 1206 eos
711 1143 770 1224 qui
805 1136 861 1204 inb
900 1142 1057 1205 inferiori
1092 1145 1190 1224 parte

66 1232 210 1294 <lomusc
239 1231 483 1303 consistebant,
508 1232 574 1314 ipsi
598 1251 732 1313 quoque
756 1231 810 1293 his
833 1231 892 1312 qui
916 1230 1008 1313 apud
1032 1251 1067 1293 se
1092 1234 1190 1294 erant

65 1320 223 1383 Arabum
255 1320 467 1403 principibus
497 1319 589 1383 idem
619 1320 764 1382 faciunt.
817 1313 928 1382 Dein(¹
963 1318 1042 1382 laici
1073 1338 1191 1381 omnes

31 1430 55 1463 a·
65 1408 207 1471 sublato
238 1409 274 1470 in
305 1408 413 1470 altum
450 1408 597 1471 clamore
628 1411 817 1489 vocatoque
852 1408 888 1469 in
923 1407 1089 1469 auxilium
1125 1406 1190 1469 sibi

65 1497 223 1559 omnium
262 1517 375 1560 rerum
415 1497 536 1578 opifice
576 1496 650 1559 Deo
689 1516 806 1558 rursus
841 1517 936 1558 arma
971 1498 1189 1578 capessunt⁰,

66 1585 252 1648 maceriam
281 1589 469 1666 occupant,
501 1584 705 1666 presidium,
735 1585 826 1666 quod
851 1584 942 1647 circa
965 1588 1081 1666 portas
1105 1586 1189 1656 erat,

66 1677 229 1736 conserta
260 1694 363 1734 manu
394 1672 548 1734 fundunt
579 1673 787 1754 fugantque,
820 1676 856 1736 et
887 1673 935 1735 sic
964 1672 1110 1741 alacres,
1142 1673 1190 1735 sic

65 1760 243 1823 innovatis
266 1761 408 1843 inopino
432 1781 589 1824 successu
614 1760 743 1824 viribus
767 1761 894 1842 ubique
917 1781 989 1824 rem
1009 1764 1189 1843 peragunt,

30 1869 55 1906 1⁵
65 1855 108 1910 nt
139 1849 229 1911 nihil
260 1849 490 1923 lassitudinis,
522 1849 610 1911 nihil
641 1849 849 1912 incommodi
880 1870 920 1912 ex
950 1849 1112 1912 triduana
1142 1849 1191 1912 eis

64 1937 186 2000 inedia
209 1941 246 2001 et
269 1938 386 2001 labore
402 1938 583 2001 accessisse
607 1941 756 2020 putares.
795 1937 1023 2001 Alacritatem
1046 1941 1190 2012 tantam,

64 2030 212 2108 repente
244 2047 284 2089 ex
315 2026 460 2108 trepidis
490 2026 592 2089 rebus
622 2029 657 2089 et
687 2025 810 2088 ultima
838 2025 1077 2108 desperatione
1101 2046 1191 2089 coor-

65 2118 152 2181 tam,
178 2114 323 2176 nimium
343 2114 504 2177 admirati
520 2114 661 2185 Arabes,
686 2135 748 2177 nec
773 2113 876 2176 aliam
900 2114 1064 2176 novitatis
1088 2114 1191 2176 huius

65 2222 208 2264 eausam
233 2203 408 2285 suspicati,
434 2196 557 2284 quamf
577 2202 668 2283 quod
686 2203 727 2266 de
749 2202 962 2285 principibus
987 2203 1056 2265 suis
1080 2223 1190 2284 sump-

26 2296 145 2352 atum
170 2291 295 2354 fuisset
318 2290 540 2373 supplicium,
570 2290 803 2354 infestissimis
833 2291 956 2353 animis
979 2291 1016 2353 in
1040 2312 1191 2373 pugnarn

66 2382 178 2440 ruunt
202 2383 238 2441 et
260 2379 355 2441 facto
379 2399 482 2460 grege
506 2399 693 2461 perarma,
725 2399 786 2461 per
809 2379 899 2442 viros
925 2380 962 2441 in
985 2383 1098 2442 castra
1121 2400 1192 2462 per·

66 2472 253 2549 rumpereg
279 2471 413 2549 parant.
460 2466 506 2529 Et
529 2469 607 2530 acta
630 2487 683 2531 res
706 2468 814 2541 foret,
843 2467 909 2529 nisi
933 2460 1088 2530 matureh
1115 2472 1191 2530 orto

67 2555 216 2618 consilio
233 2555 413 2618 christiani
429 2553 598 2618 vinctos&
619 2576 658 2619 eo
676 2555 751 2619 loco
768 2556 939 2638 principes
963 2548 1190 2630 statuerent¹,

66 2643 133 2706 ubi
171 2643 385 2707 atrocissima
423 2643 473 2705 vis
512 2643 662 2707 hostium
706 2648 742 2708 et
780 2643 1005 2708 creberrimus
1044 2644 1191 2708 telorum

22 2726 203 2795 asimberk
230 2732 461 2806 incumbebat,
487 2733 644 2814 apposito
675 2753 777 2814 super
800 2732 916 2813 capita
943 2753 1060 2796 eorum
1084 2733 1192 2814 spicu-

67 2819 192 2895 latore,
218 2821 275 2901 qui
300 2819 496 2882 districtum
519 2820 555 2882 in
580 2821 737 2883 manibus
761 2820 914 2902 gladium
939 2825 1060 2884 tenens
1080 2821 1192 2884 clami·

67 2908 171 2971 tabat
201 2929 262 2990 per
291 2909 532 2990 interpretem,
564 2908 630 2970 nisi
661 2909 703 2971 ab
735 2903 1009 2991 obpugnatione¹
1045 2910 1193 2991 quiesce·

66 3001 166 3065 rent,
191 3017 260 3059 non
284 2997 387 3058 armis
410 3017 445 3060 se
469 2997 681 3060 adversum¹¹¹
705 3018 778 3073 eos,
804 2998 863 3061 sed
888 2997 1081 3080 principum
1105 2998 1193 3081 capi·

67 3085 167 3148 tibus
191 3085 423 3148 dimicaturos.
470 3085 556 3147 Tum
581 3085 647 3168 ipsi
670 3086 851 3168 principes,
877 3106 961 3167 quos
986 3090 1101 3168 preter
1123 3087 1192 3148 vin-

23 3173 228 3236 soculorum
244 3173 468 3237 acerbitatem
492 3173 674 3237 imminens
690 3194 825 3255 quoque
844 3174 1033 3238 cervicibus
1057 3174 1193 3256 gladius

66 3262 293 3325 vehementer
323 3262 490 3343 angebat,
522 3282 599 3324 cum
631 3283 755 3343 magno
786 3263 920 3326 eiulatu
943 3283 1021 3326 snos
1045 3263 1192 3327 obtesta-

67 3350 208 3421 bantur,
240 3354 280 3412 ut
310 3349 520 3414 moderatius
550 3354 709 3433 agerent,
741 3371 784 3414 ne
814 3350 988 3415 obstinate
1019 3356 1194 3416 certamen

67 3438 229 3502 hostibus
260 3438 449 3502 inferentes
479 3459 536 3502 eos
563 3439 609 3500 ad
632 3438 840 3521 supplicium
871 3460 1056 3522 necemque
1085 3461 1191 3515 suam,

67 3548 149 3589 cum
180 3527 308 3589 incisa¹¹
343 3531 439 3610 spes⁰
475 3531 564 3590 esset
594 3528 730 3602 veniae,
761 3527 1025 3592 inflammarent.
1079 3529 1193 3592 Patris

27 3615 224 3697 apericulo
249 3615 419 3678 attonitus
445 3615 534 3677 tilius
559 3615 656 3678 ducis
675 3616 839 3693 Arabum,
865 3638 965 3699 quem
990 3618 1033 3680 ad
1058 3622 1192 3700 portam

67 3703 151 3765 atrii
181 3725 201 3765 a
232 3707 330 3785 patre
361 3724 463 3766 causa
493 3703 633 3786 presidii
664 3703 823 3767 relictum
859 3725 963 3786 supra
997 3705 1191 3777 memoravi,

67 3792 178 3854 citato
209 3791 319 3874 gradu
349 3792 385 3853 in
416 3791 686 3855 confertissimos
717 3813 856 3855 suorum
887 3813 1013 3856 cuneos
1036 3813 1071 3856 se
1096 3792 1193 3856 dedit

67 3886 105 3942 et
129 3879 278 3942 furentis
302 3879 472 3943 exercitus
495 3881 663 3962 impetum
687 3901 769 3944 voce
794 3884 830 3944 et
853 3902 958 3942 manu
981 3881 1192 3963 increpitans

67 3967 216 4031 retinuit
246 3971 282 4031 et
312 3968 383 4031 tela
413 3968 449 4030 in
480 3968 596 4032 hostes
626 3968 737 4032 iacere
761 3968 956 4051 prohibuit,
988 3974 1095 4051 quael
1123 3989 1192 4031 non

29 4056 203 4127 rohostes,
236 4060 276 4118 ut
299 4056 364 4138 ipsi
389 4060 561 4138 putarent,
587 4056 646 4120 sed
671 4056 842 4138 principes
873 4057 926 4118 sui
951 4057 1095 4139 propriis
1118 4077 1192 4139 pec·

66 4245 91 4289 ι)
104 4245 209 4296 ydolum
223 4245 272 4284 132.
327 4245 591 4296 b)lnf.1nparteffl¹.
648 4245 668 4293 c)
684 4246 818 4287 onusta.
873 4245 896 4291 d)
914 4242 1074 4284 Delaman.
1090 4244 1150 4284 31¹³.
1166 4247 1191 4285 P.

66 4298 90 4342 e)
108 4304 229 4348 capessant
243 4296 304 4337 Bit.
373 4299 436 4346 οφ
450 4298 520 4349 (qnia)
534 4299 593 4338 111⁸.
662 4298 685 4349 g)
704 4309 849 4349 prorumpere
868 4299 914 4337 132.
980 4297 1016 4347 ε’)
1031 4299 1117 4337 iunctos
1132 4298 1192 4337 nib.

67 4352 92 4393 hl
102 4358 190 4391 litaturo
200 4351 222 4390 B
228 4350 261 4389 1t,
319 4351 335 4400 l)
344 4356 454 4391 staturam
463 4352 483 4390 B
490 4350 528 4399 1b3
544 4358 596 4392 stat.
607 4352 677 4400 princ.
688 4352 747 4391 131⁸.
803 4352 827 4401 k)
836 4352 915 4402 ymber
924 4352 944 4389 B
952 4350 985 4390 lb.
993 4353 1013 4391 2.
1069 4352 1084 4401 l)
1094 4362 1192 4401 oppugn.

67 4404 220 4444 ΑΒΜ.
269 4405 488 4451 m)aducrsusBl·.
536 4405 737 4453 annuissent.
786 4404 998 4456 ammoneant.
1047 4404 1070 4454 p)
1084 4405 1191 4452 aalma

960 4496 976 4548 7
