2842 5026
357 426 558 482 LAMPERTI
576 425 765 481 ANNALES.
802 428 838 480 A.
858 429 935 483 1059.
1178 431 1213 483 75

87 608 208 670 sertim
249 630 325 672 cum
362 611 607 674 monasterium
643 609 732 671 illud
768 610 830 672 rub
865 610 1104 674 iurisdictione
1140 632 1212 675 esse
1223 626 1300 679 1059.

86 696 258 759 Romania
301 698 473 780 pontificis
511 702 565 762 tot
604 698 881 780 predecessorum
921 698 993 762 eius
1032 699 1213 781 privilegia

85 788 303 848 testarentur
313 786 334 845 1.
380 786 511 849 Abbati
541 808 676 869 quoque
706 787 910 868 epistolam²
940 787 1077 869 scripsit
1100 788 1212 850 verbis

86 872 345 945 consolatoriis,
377 895 463 955 quae
500 896 608 956 usque
645 868 953 957 inpresentiarurn¹'
991 876 1027 936 in
1065 876 1211 939 cartario

65 965 248 1024 sservatur
271 962 515 1026 Herveldensis
539 963 748 1027 monasterii.

197 1050 306 1133 Egol,
338 1054 458 1115 exacta
488 1052 763 1134 peregrinatione
794 1046 1104 1123 lerosolimitana‘¹‚
1136 1051 1210 1114 XV.
1222 1080 1277 1129 sape.
1286 1079 1318 1120 n.

89 1137 169 1199 Kal.
191 1137 352 1202 Octobris
375 1140 419 1202 ad
443 1141 689 1204 monasterium
713 1159 867 1203 reversus
891 1159 975 1210 sum,
1001 1143 1036 1203 et
1060 1141 1150 1221 quod
1174 1140 1211 1202 in

87 1227 183 1289 omni
213 1226 277 1290 illa
306 1229 520 1310 profectione
551 1249 627 1292 mea
650 1229 851 1310 precipuum
879 1249 900 1290 a
922 1228 997 1292 Deo
1021 1228 1211 1310 postulave-

90 1336 178 1392 ram,
211 1316 473 1398 Meginherum⁰
503 1317 664 1380 abbatem
688 1317 907 1398 superstitem
931 1317 1057 1379 inveni.
1105 1317 1211 1380 Time·

59 1405 167 1466 ubam
193 1405 340 1478 scilicet,
370 1406 532 1487 quoniam
556 1405 629 1468 sine
654 1405 893 1468 benedictione
917 1404 1011 1466 illius
1036 1405 1212 1487 profectus

90 1493 243 1562 fuissem,
269 1493 297 1555 si
313 1494 465 1557 offensus
488 1493 836 1574 inreconciliatusque
860 1494 1069 1568 decessisset,
1096 1494 1211 1575 magni

91 1581 243 1644 criminis
266 1576 384 1645 reumf
411 1604 465 1646 me
489 1583 599 1646 teneri
623 1583 714 1664 apud
735 1582 881 1646 Deumss.
922 1581 988 1645 Sed
1005 1603 1074 1645 non
1098 1583 1212 1645 abfuit

92 1670 245 1751 propicia
269 1670 432 1733 divinitas
456 1671 624 1743 redeunti,
656 1692 743 1753 quae
773 1673 872 1733 tanto
900 1670 961 1733 illo
985 1670 1108 1733 itinere
1132 1691 1211 1752 sepe

93 1778 197 1839 usque
229 1759 273 1820 ad
304 1759 461 1822 ultimam
493 1759 733 1823 necessitatem
765 1759 997 1841 periclitatum
1027 1759 1211 1822 misericor·

65 1846 230 1909 ndissime
266 1850 410 1910 texerat.
464 1841 698 1911 Incolumem¹¹
737 1848 888 1929 repperi;
925 1840 1122 1929 peccatumi
1163 1848 1211 1908 in-

94 1934 215 2005 dulsit,
248 1938 284 1998 et
307 1936 403 2017 quasi
427 1957 468 1999 ex
491 1936 612 1999 inferis
635 1936 807 1998 redivivus
830 1957 1054 2018 emergerem,
1084 1936 1132 1998 sic
1156 1935 1210 1998 ob·

93 2017 187 2091 u'isk,
224 2026 266 2084 ut
300 2024 398 2086 aiunt
409 2025 429 2095 ³,
466 2025 624 2087 manibus
663 2044 716 2087 me
754 2023 1030 2105 gratulabundus
1066 2025 1210 2106 excepit.

94 2111 217 2173 llirum
242 2116 358 2175 autem
382 2113 419 2174 in
443 2114 591 2188 modum,
621 2113 750 2176 diceres
774 2113 879 2174 vitam
904 2113 977 2176 eius
1001 2112 1211 2175 absolutioni

94 2220 184 2262 meae
210 2221 251 2263 ex
275 2200 446 2263 industria
470 2205 638 2265 servatam
663 2201 784 2264 fuisse:
811 2201 930 2264 eodem
950 2194 1040 2276 die¹,
1066 2222 1132 2282 quo
1157 2222 1210 2264 me

67 2288 233 2352 acrimine
258 2288 460 2363 absolverat,
489 2289 586 2352 febre
610 2293 787 2370 correptus
811 2292 872 2363 est,
905 2293 940 2352 et
970 2289 1017 2352 sic
1049 2310 1109 2370 per
1132 2293 1211 2352 octo

93 2378 161 2440 dies
193 2378 290 2457 gravi
321 2379 516 2458 egritudine
541 2378 716 2449 decoctus,
741 2376 802 2438 VI.
828 2377 907 2440 Kal.
932 2376 1105 2451 Octobris,
1137 2377 1317 2451 feli-septas.

93 2466 174 2528 citer
192 2470 429 2529 consummato
438 2471 460 2500 ¹¹¹
478 2486 588 2539 cursu,
614 2466 744 2548 quievit
766 2466 802 2527 in
822 2465 981 2538 Domino
1004 2466 1056 2528 vir
1075 2488 1380 2547 larigna-amman.

93 2576 163 2616 rum
189 2555 226 2616 in
243 2553 381 2617 Christo
398 2555 565 2616 virtutum
590 2558 625 2618 ct
642 2575 719 2618 vere
736 2588 777 2596 —
795 2556 885 2635 quod
907 2555 1060 2617 omnium
1082 2555 1209 2617 moder·

92 2664 211 2705 norum
243 2643 429 2706 abbatum¹¹
464 2665 547 2725 pace
579 2643 722 2707 dixerim
753 2676 797 2686 -
827 2643 967 2706 unicum
1003 2664 1065 2705 sua
1095 2646 1209 2706 aetate

65 2731 124 2794 nin
162 2731 362 2795 Teutonicis
400 2731 598 2813 regionibus
637 2734 729 2794 recte
768 2752 807 2794 ac
846 2732 1034 2795 monastice
1072 2731 1209 2794 vivendi

91 2819 296 2901 exernplar⁴.

198 2908 249 2979 Is,
281 2912 321 2970 ut
351 2909 545 2990 predictum
576 2912 644 2980 est,
676 2930 753 2971 cum
786 2908 986 2972 Burchardo
1010 2908 1209 2971 Halbersta-

90 2996 187 3058 densi
218 2997 378 3078 episcopo
409 2997 607 3059 diuturnam
637 3000 791 3059 traxerat
822 2997 918 3059 litem
950 3001 1090 3079 propter
1122 2997 1208 3060 deci·

90 3085 258 3148 mationes
293 3085 476 3161 Saxoniae,
516 3106 600 3167 quas
637 3084 697 3148 ille
736 3084 964 3149 Herveldensi
1002 3085 1209 3148 monasterio

59 3178 226 3254 nereptas
249 3194 310 3255 per
332 3174 545 3237 occasionem
570 3173 773 3255 episcopalis
800 3174 976 3255 regiminis
1006 3173 1072 3236 sibi
1095 3174 1208 3236 vendi-

88 3261 201 3324 cabat.
254 3261 383 3324 Contra
417 3262 514 3324 cuius
549 3262 806 3343 improbitatem
845 3283 922 3324 cum
958 3282 1020 3324 neo
1055 3262 1209 3325 forenses

88 3370 150 3413 nec
183 3350 434 3414 ecclesiasticae
465 3350 558 3432 leges
588 3350 791 3432 quicquam⁰
823 3349 993 3425 valerent,
1026 3354 1061 3413 et
1091 3349 1207 3425 abbas,

87 3458 168 3519 sepe
192 3438 405 3519 querimonia
428 3439 464 3499 in
487 3438 541 3500 ius
564 3439 689 3513 relata,
722 3438 833 3501 surdis
857 3437 1089 3501 tribunalibus
1113 3439 1208 3501 fabu-

87 3525 156 3588 lam
188 3531 375 3602 narrasset,
406 3527 564 3600 tandem‚
596 3526 691 3590 brevi
714 3530 898 3608 antequam
922 3527 994 3589 vita
1017 3527 1207 3602 excederet,

50 3615 267 3679 amandavit
301 3615 333 3677 ei
367 3635 428 3696 per
458 3614 670 3678 Fridericum
706 3615 898 3697 palatinum
934 3615 1135 3678 comit-eme:
1172 3635 1208 3677 se

85 3776 109 3814 ι)
123 3780 185 3807 nana
199 3770 257 3810 131⁸.
326 3769 348 3815 b)
367 3769 509 3816 impressam.
524 3769 571 3807 Al.
640 3769 660 3817 c)
680 3768 706 3810 N.
721 3769 771 3812 ndd.
786 3769 871 3811 ΑΗΙ.
939 3768 962 3818 d)
976 3769 1143 3820 Hierosolymit.
1159 3770 1207 3810 Al.

86 3826 108 3870 e)
129 3822 286 3870 llelrlngorum
301 3822 347 3868 Bt,
370 3823 406 3858 nln'
419 3822 470 3865 abb,
486 3822 518 3859 tte
531 3834 572 3863 aar.
641 3821 659 3869 f)
679 3833 714 3861 me
729 3828 774 3863 ten.
790 3832 852 3861 rcum
867 3821 934 3867 Blb;
956 3833 991 3860 mc
1010 3832 1071 3860 reum
1090 3834 1127 3870 ap.
1141 3820 1207 3862 deum

86 3881 132 3916 ten.
148 3875 194 3916 Ba.
255 3884 278 3924 ω
293 3876 406 3914 ‹lomlnum
421 3876 495 3918 ΑΗ,
557 3874 581 3923 b)
596 3874 729 3914 incolomem
743 3873 803 3916 Bm
818 3897 843 3904 -
858 3875 932 3924 reperi
946 3876 991 3918 132.
1053 3874 1070 3923 i)
1084 3876 1115 3913 alc
1128 3885 1207 3921 omnes,

87 3929 160 3965 nullas
174 3930 241 3967 ronta
254 3929 317 3967 Irata
330 3934 422 3977 peccato
437 3932 459 3965 u!
474 3929 506 3970 ed.
516 3929 591 3977 prior.
654 3928 678 3975 lx)
693 3929 772 3967 obulus
788 3927 847 3970 alb.
911 3929 927 3975 l)
942 3940 982 3970 ona
999 3928 1056 3971 131¹.
1111 3928 1141 3977 m)
1156 3939 1207 3967 eon·

48 3988 175 4025 maumam
191 3984 236 4023 Aa.
251 3980 310 4022 alb.
366 3984 389 4031 n)
403 3993 443 4023 orn.
458 3982 504 4024 1³2.
558 3982 581 4031 o)
595 3979 717 4030 quirlquam
731 3982 777 4023 Bz'.
831 3981 855 4031 p)
869 3982 947 4020 comen
962 3982 1007 4023 Bt.

88 4108 113 4171 1)
145 4105 177 4155 {a
203 4104 253 4156 sub
279 4103 463 4157 iurisdictione
481 4105 610 4157 ecclesiae
628 4106 765 4157 Romanae
789 4112 852 4157 essct
878 4108 1065 4157 aroanna-inm
1086 4106 1207 4169 Hersfal-

85 4177 171 4239 derasa,
191 4177 291 4240 lenitur
309 4178 336 4226 in
354 4177 506 4242 priaa'lcpir'a
518 4176 649 4241 Stephani
661 4176 714 4230 III.
733 4178 866 4241 spurina
886 4176 1016 4228 Iohannis
1028 4177 1112 4242 XIII,
1131 4176 1211 4239 Jaffa

85 4247 124 4299 ad.
138 4249 164 4300 2.
183 4264 226 4299 nr.
239 4249 318 4301 2384.
331 4249 409 4301 3723.
473 4249 501 4314 2)
521 4248 593 4311 Quae
611 4262 662 4298 non
680 4252 765 4297 enatat
783 4246 873 4311 (Jatfd
889 4264 931 4300 nr.
944 4250 1036 4312 4410).
1095 4250 1123 4314 a)
1142 4247 1207 4298 Hic·

87 4333 215 4381 ronpnncs
239 4318 295 4371 scil.
322 4320 350 4369 In
375 4320 448 4383 epist.
473 4319 510 4368 ad
529 4318 674 4369 Panb'nnm
700 4334 793 4369 sacrae
817 4319 968 4383 saraptanae
988 4334 1022 4370 aa
1040 4334 1111 4369 more
1126 4334 1206 4384 praa·

46 4391 185 4441 ssarr'ssa:
211 4386 306 4441 Obviis
324 4393 352 4440 te
370 4388 493 4440 manibus
513 4388 654 4456 excipiam.
740 4391 768 4453 4)
794 4388 837 4451 Cf.
857 4388 923 4441 Inar.
943 4388 1066 4442 IIarreld.
1092 4390 1205 4453 (infra).
