2842 5026
449 372 649 428 LAMPERTI
667 372 857 430 manas.
894 376 930 428 Α.
950 379 1028 432 1073.
1251 380 1302 434 loo

161 548 370 619 Suevorum
395 557 474 631 dux,
506 555 738 621 Bertholdus⁸
766 556 1030 622 Carentinorum
1055 560 1133 625 dux.
1163 561 1257 623 missi
1281 551 1347 658 agg

163 658 269 726 rege,
303 648 342 707 ut
366 665 514 720 causam,
546 666 648 728 quam
679 646 859 711 adversum
890 667 926 710 se
950 648 1123 721 afferrent,
1156 649 1300 713 discute·

164 736 268 795 rent.
306 733 385 816 Ipse
402 754 442 797 eo
458 734 575 798 venire
597 733 721 801 noluit.
747 736 805 798 sed
829 735 867 797 in
886 730 1052 800 civitateb
1073 736 1295 822 Wirceburg⁰

167 819 312 884 exitum
334 823 385 886 rei
408 822 664 905 prestolabatur
674 823 694 898 ¹,
719 844 904 906 precavens
928 824 1070 901 scilicet,
1102 847 1145 888 ne
1175 827 1300 888 tumul·

138 910 313 973 otnantis
342 911 461 994 populi
491 911 589 975 furor
618 931 681 975 sua
710 913 819 996 magis
849 913 1022 995 presentia
1054 914 1217 977 efferatus
1241 915 1299 977 ali-

171 998 263 1078 quid
286 1000 432 1063 forsitan
454 1000 490 1062 in
512 1019 557 1076 se,
580 1001 673 1082 quod
694 1019 791 1064 secus
812 1004 911 1076 esset,
935 1002 1146 1066 admitteret.
1187 1003 1301 1086 Igitur

171 1087 352 1171 principes
377 1088 545 1152 Saxoniae
568 1088 762 1171 principum
791 1090 850 1171 qui
873 1112 893 1152 a
917 1110 997 1172 rege
1020 1094 1186 1154 venerant
1210 1092 1300 1174 pedi·

172 1171 243 1238 bus
273 1177 448 1259 provoluti
477 1176 648 1260 rogabant
678 1198 740 1260 per
762 1177 889 1251 Deum,
922 1182 961 1241 ut
992 1180 1036 1242 ad
1064 1179 1298 1242 ventilandam

176 1282 317 1327 cansam
342 1286 439 1328 suam
457 1265 585 1330 intenti
606 1266 801 1349 cognitores
825 1270 860 1330 et
883 1267 967 1329 iusti
990 1267 1121 1331 indices
1141 1268 1300 1331 adessent

144 1371 241 1417 senec
265 1354 529 1436 perpenderent,
558 1358 727 1436 qnantum
751 1350 942 1437 quamque‘¹
969 1356 1006 1417 in
1030 1377 1066 1420 re
1091 1356 1231 1438 publica
1253 1357 1300 1418 in·

178 1442 347 1504 usitatum
378 1463 465 1525 opus
495 1443 648 1526 aggressi
679 1447 802 1521 essent,
834 1445 894 1507 sed
925 1465 1012 1526 quae
1041 1444 1219 1507 calamitas
1243 1466 1299 1509 eos

180 1530 222 1592 ad
263 1531 349 1595 haec
388 1535 541 1595 extrema
575 1533 753 1615 coegisset.
811 1533 966 1615 Accepta
1003 1532 1127 1596 deinde
1163 1533 1300 1597 dicendi

125 1620 277 1702 lincopia
307 1640 387 1684 suas
418 1620 546 1705 singuli
569 1615 726 1684 ‘iniurias
757 1624 999 1704 exposuerunt,
1031 1641 1118 1703 quae
1148 1622 1184 1684 in
1207 1623 1300 1704 ipsos

183 1708 343 1790 singulos,
368 1730 455 1791 quae
479 1711 584 1775 etiam
607 1710 644 1772 in
663 1713 801 1793 gentem
824 1715 940 1773 suam⁰
961 1731 1021 1773 rex
1044 1710 1196 1773 nefanda
1218 1711 1299 1774 faci·

155 1815 261 1863 anora
285 1798 521 1875 commisisset,
555 1791 701 1881 quibnss
728 1802 886 1882 preterea
908 1798 1075 1862 inauditis
1099 1798 1299 1862 criminibus

183 1883 285 1967 ipsam
315 1886 405 1969 ,regii
432 1888 581 1952 nominis
608 1887 825 1952 maiestatem
849 1888 1030 1971 polluisset
1038 1888 1059 1948 ².
1107 1886 1298 1970 Obstupue-

176 1981 282 2040 runtss
309 1979 481 2062 principes
505 1978 563 2059 qui
586 1997 710 2059 aroge
734 1979 913 2051 venerant,
939 1979 975 2039 et
997 1997 1058 2059 pre
1080 1977 1297 2040 immanitate

172 2067 346 2131 scelerum
360 2066 548 2132 secundum
565 2057 790 2149 prophetamh
806 2065 1004 2129 tinniebant
1021 2085 1119 2130 aures
1132 2066 1295 2143 omnium,
1307 2096 1347 2137 ι..

163 2175 237 2220 nec
271 2177 344 2232 eos,
376 2156 468 2238 quod
499 2175 560 2237 pro
590 2154 753 2218 libertate
783 2175 859 2230 sua,
891 2175 953 2237 pro
986 2154 1203 2237 coniugibus,
1236 2176 1297 2238 pro

125 2267 145 2306 a
158 2241 295 2308 liberis
323 2266 419 2308 arma
449 2243 686 2367 sumpsissent,
719 2244 779 2306 sed
809 2244 901 2325 quod
923 2237 1190 2308 intollerabiles¹
1222 2265 1298 2307 con-

153 2334 340 2397 tumelias
363 2333 524 2397 muliebri
572 2331 745 2415 pacientia
771 2332 906 2394 tamdiu
930 2335 1199 2415 supportassent,
1229 2333 1297 2395 cul-

146 2423 310 2505 pandos
340 2422 537 2486 censebant.
584 2419 739 2502 Cumque
768 2423 844 2482 toto
874 2420 991 2484 triduo
1015 2420 1159 2484 consilia
1181 2424 1347 2496 contu-0,

151 2510 322 2576 lissent⁸
346 2515 390 2588 et,
415 2511 498 2594 quid
521 2511 616 2573 facto
640 2528 726 2592 opus
743 2512 841 2585 esset,
866 2510 1040 2572 communi
1063 2509 1297 2573 sollicitudine

147 2601 425 2684 perquirerent,
457 2600 542 2663 haec
573 2601 745 2681 postremo
773 2598 906 2661 cunctis
930 2599 1103 2661 sententia
1126 2599 1296 2673 convenit,

154 2691 216 2751 ult
239 2689 424 2772 reprobato
447 2708 528 2771 rege
551 2687 668 2756 alium,
693 2686 752 2769 qui
775 2686 999 2768 gubernando
1023 2706 1129 2769 regno
1152 2686 1296 2751 idoneus

160 2782 277 2845 (esset.
302 2778 472 2861 eligerent
480 2777 502 2837 ⁴.
546 2775 589 2838 Id
612 2779 730 2838 tamen
753 2768 857 2837 haut¹
881 2778 1009 2838 temere
1033 2775 1203 2858 publicari
1227 2775 1295 2858 pla·

172 2867 259 2943 cuit,
292 2866 410 2942 donec,
442 2870 554 2948 regem
578 2885 639 2948 per
662 2863 874 2927 occasionem
905 2864 999 2947 pacis
1029 2865 1065 2926 in
1096 2864 1296 2927 remotiores

178 2960 293 3038 partes
327 2955 426 3038 regni
461 2954 626 3029 abducto,
662 2973 740 3016 cum
775 2952 920 3016 caeteris
949 2954 1048 3035 regni
1083 2951 1295 3035 principibus

180 3044 359 3107 consilium
376 3045 441 3107 hoc
458 3041 759 3107 communicarent.
789 3041 935 3124 Propter
946 3041 1012 3104 hoc
1024 3040 1158 3122 vulgari
1174 3039 1297 3102 iubent

125 3156 163 3196 υ
179 3132 213 3194 in
228 3132 376 3215 plebem,
400 3134 437 3194 in
460 3133 549 3194 hanc
566 3131 773 3195 sententiam
789 3131 968 3212 utriusque
993 3130 1101 3211 partis
1124 3126 1296 3210 principes

179 3286 332 3333 anomalus
346 3289 392 3330 Ba.
446 3288 523 3338 b)om.
538 3287 583 3328 Ba.
638 3289 658 3332 c)
673 3285 878 3332 wirczeburgm.
933 3282 958 3332 d)
971 3284 1160 3332 quaqnaAl.1⁸.
1216 3284 1238 3328 e)
1253 3292 1295 3321 ona.

180 3340 248 3382 ΒΗ.
289 3339 691 3391 s)quibus-polluissetom.Blb.
738 3337 988 3387 g)0bstnpucchlb‚
1042 3337 1067 3385 h)
1080 3336 1223 3385 propheciam
1238 3335 1296 3376 131¹.

179 3395 331 3444 -ryunJra
371 3394 638 3444 amalasuntam.
679 3391 870 3439 MmullbriBlb.
910 3389 1105 3439 phanariae.
1146 3390 1297 3437 anemii&

179 3503 204 3570 1)
221 3503 363 3569 Herbipoli
379 3504 538 3570 colloquium
557 3503 627 3553 illud
645 3504 745 3566 fratrem
764 3517 817 3552 cece
835 3501 908 3565 folco
924 3501 1020 3567 procul
1030 3499 1111 3550 (lartio
1129 3497 1216 3549 tradit
1229 3497 1296 3549 Ber·

125 3574 258 3627 &attolat
270 3574 355 3644 (Ana.
369 3575 397 3628 S.
408 3574 511 3645 Blasii)
519 3577 619 3641 p.2?6.
675 3574 702 3638 2)
715 3573 756 3636 Cf.
769 3589 855 3639 supra
869 3591 897 3640 p.
910 3575 969 3638 162,
983 3590 1008 3625 a.
1019 3576 1045 3627 2.
1100 3573 1128 3634 3)
1140 3574 1182 3636 Os.
1196 3591 1223 3640 p.
1236 3575 1295 3636 131,

178 3662 201 3699 a.
215 3648 240 3699 2.
295 3648 324 3711 4)
339 3647 493 3697 vaiaclnm
506 3653 542 3697 cst
554 3647 623 3711 (μιαί
635 3646 730 3710 Lamp.
745 3651 851 3707 coerrat,
865 3651 970 3696 «anctos
984 3646 1121 3712 principes
1134 3645 1293 3712 pacalictoa,

176 3720 254 3767 ellam
270 3719 356 3781 ipilm·
367 3720 515 3785 episcopum
525 3717 771 3781 Bcbenherpenacm,
788 3716 941 3768 Gozclonem
953 3718 1051 3783 dmm,
1070 3717 1225 3768 lucaamoda·
1236 3732 1297 3767 con·

176 3789 235 3839 allii
255 3790 402 3855 partiam
419 3789 504 3851 falsae
523 3786 568 3857 (cf.
588 3788 667 3839 Floto
685 3788 713 3853 I,
729 3805 759 3855 p.
776 3787 852 3859 396).
888 3788 920 3840 si
936 3789 1042 3855 quidem
1059 3790 1163 3851 emisere
1180 3803 1211 3838 ea
1229 3803 1296 3853 quae

177 3859 291 3910 (kartam
310 3860 348 3923 II,
367 3864 410 3915 31.
428 3861 544 3913 42-44.
562 3859 696 3923 sipnlfical
714 3866 738 3910 et
756 3860 1064 3916 antecellebat.
1082 3861 1114 3911 da
1129 3865 1208 3926 pacto
1225 3860 1296 3909 inter

142 3944 166 3983 ao
176 3931 272 3982 Sacros
284 3930 315 3999 (l.
328 3948 348 3984 e.
363 3932 510 3994 Rralolfam
525 3929 626 3999 drama)
637 3938 661 3981 et
674 3931 793 3983 δακοηω
807 3935 874 3984 inito
886 3933 960 3998 dicit,
979 3939 1041 3983 tunc
1052 3947 1082 3982 ea
1095 3946 1162 3997 quoe
1174 3930 1253 3992 infra
1264 3929 1296 3979 de

176 4002 323 4066 Recinffero
341 4009 504 4066 narrantur,
529 4002 635 4068 aliquid
650 4005 844 4069 perduellionis
862 4011 924 4054 turm
941 4009 1029 4053 adura
1047 4017 1100 4052 esse
1121 4017 1139 4050 a
1157 3998 1297 4049 nonnullis

172 4073 344 4139 principibus
361 4073 460 4125 elucere
477 4073 589 4126 anano.
626 4073 677 4124 Sed
695 4074 839 4143 hartperto
857 4074 936 4124 nulla
954 4074 1019 4137 fidos
1036 4072 1128 4122 damin
1146 4076 1184 4121 est
1205 4071 1235 4119 in
1252 4067 1297 4118 bia

174 4160 242 4210 quae
261 4144 373 4195 hocloco
388 4152 411 4195 ct
431 4145 509 4207 infra
525 4162 553 4211 p.
565 4146 624 4198 168.
637 4145 668 4194 de
680 4147 799 4209 leudolfo
816 4162 876 4209 repe
893 4143 1012 4209 elipando
1028 4142 1144 4210 profert,
1163 4139 1211 4191 hoc
1228 4153 1295 4190 oom-

176 4222 286 4280 menlas,
308 4223 335 4265 at
355 4217 484 4266 ranclano
500 4231 586 4278 repam
601 4230 683 4278 regma
701 4218 843 4281 indiqu-um
860 4233 879 4267 a
895 4214 1065 4283 principilia
1082 4211 1230 4264 {adactum
1243 4224 1296 4262 osae

139 4295 164 4330 45
175 4287 327 4339 temera.
360 4287 402 4349 Cf.
416 4286 450 4338 E.
464 4287 554 4350 Meyer
562 4303 592 4353 p.
605 4288 639 4338 27
650 4304 705 4353 sqq.
737 4288 765 4339 0.
787 4287 894 4352 (irland,
914 4288 923 4315 ‘
930 4285 1011 4336 Watl
1022 4281 1142 4344 Rudolfs
1159 4299 1182 4335 c.
1196 4280 1296 4332 Rhan-

175 4358 273 4422 selden'
290 4375 317 4424 p,
331 4361 366 4412 :32
379 4375 433 4424 sqq.
453 4361 534 4410 alniis
552 4359 676 4410 medulae
694 4359 835 4424 Larrrpcrti
851 4359 1001 4410 ammata
1018 4357 1112 4409 evadit.
