2842 5026
439 354 639 411 LAMPERTI
655 355 844 410 ANNALES.
881 356 916 412 A.
937 360 1014 412 1673.
1238 359 1289 413 167

152 559 331 616 aremus.
379 537 425 601 Et
455 540 583 603 caeteri
610 540 748 622 quidem
779 539 863 602 satis
893 539 1039 622 impigre
1061 544 1288 622 susceperunt
1300 536 1376 623 1973.

157 626 361 714 negocium.
397 626 498 690 Solus
516 649 579 710 ego
603 632 675 691 tam
698 627 855 691 iusticiae
879 631 1038 711 respectu
1054 649 1155 710 quam
1174 629 1286 691 futuri
1296 605 1377 653 (Μ’)

160 715 288 789 iudicii
319 718 415 778 metu
446 716 702 780 detrectabama
730 737 815 800 opus
846 717 1027 788 nefarium,
1059 720 1094 780 et
1118 721 1285 799 quantum

162 804 341 876 obluctari
364 804 559 869 obstinatae
583 805 775 870 sententiae
798 805 978 877 audebam,
1007 805 1183 868 dehortari
1207 827 1286 869 euru

150 891 318 964 seonabar
346 913 366 955 a
394 894 580 976 proposito.
627 886 865 977 Quapropterb
893 896 992 956 tanta
1021 894 1058 956 in
1088 914 1142 957 me
1172 894 1286 958 inean-

167 983 246 1050 duit
268 980 517 1063 indignatione,
549 985 590 1044 ut
612 1004 633 1045 a
656 982 882 1046 contubernio
905 1003 977 1056 suo,
1003 1003 1070 1064 quo
1094 1003 1148 1046 me
1172 983 1285 1047 hacte-

168 1091 231 1137 uus
256 1069 421 1133 caeteris⁰
449 1070 654 1134 familiarius
677 1071 885 1154 perfruitum
909 1071 1038 1153 optime
1063 1071 1180 1145 nostis,
1212 1092 1284 1153 pro·

168 1163 262 1224 tinus
296 1179 350 1221 me
386 1163 559 1223 amoveret
593 1162 629 1223 et
662 1159 890 1242 iugulandum
926 1158 1180 1242 apparitoribus
1215 1160 1285 1222 suis

168 1247 363 1321 obiecisset,
400 1247 465 1310 nisi
499 1247 690 1330 periculum
725 1248 906 1311 imminens
941 1246 1177 1330 penetralibus
1212 1269 1284 1330 pro·

145 1329 269 1420 opered
295 1336 491 1400 excedendo
522 1335 768 1400 declinassem.
814 1335 880 1399 His
910 1336 1012 1398 dictis
1042 1337 1079 1397 in
1108 1357 1284 1418 argumen-

166 1431 243 1487 tum
266 1424 347 1487 fidei
370 1423 484 1488 locum
508 1425 683 1507 expressit,
709 1425 861 1488 conscios
885 1425 1085 1499 nominavit,
1115 1427 1150 1488 et
1173 1425 1203 1487 si
1226 1445 1284 1488 rex

163 1513 388 1587 inficiaretur,
419 1516 578 1595 paratum
608 1534 644 1577 se
668 1514 717 1575 ait
740 1534 818 1576 cum
841 1514 925 1595 ipso,
958 1514 986 1575 si
1016 1512 1052 1575 id
1077 1513 1169 1596 leges
1192 1516 1284 1595 pate·

162 1604 296 1676 rentur,
321 1600 376 1665 vel
392 1622 469 1664 cum
486 1603 606 1684 quovis
622 1601 760 1666 homine
777 1606 935 1665 conserta
951 1623 1054 1664 manu
1078 1623 1150 1665 rem
1167 1601 1283 1665 divino

159 1689 295 1752 iudicio
330 1690 555 1755 committere.
602 1690 833 1755 Vehementer
863 1690 948 1754 haec
979 1690 1083 1753 verba
1114 1710 1283 1772 permove-

131 1781 249 1839 arunt
273 1778 445 1859 predictos
465 1779 578 1849 duces.
603 1800 681 1842 cum
705 1785 794 1843 esset
817 1779 846 1841 is
870 1779 929 1861 qui
953 1778 1132 1843 deferebat
1156 1780 1278 1842 homo⁰

152 1859 273 1927 baut‘
293 1866 429 1929 obscuri
453 1868 600 1930 nominis
623 1868 660 1930 in
676 1868 809 1951 palacio
833 1871 869 1931 et
885 1868 978 1949 apud
994 1888 1073 1931 suos
1096 1867 1282 1931 inviolatae

149 1955 439 2018 existimationis.
486 1955 648 2020 Preterea
671 1978 712 2020 ea
735 1977 788 2020 res
813 1956 1028 2038 potissimum
1053 1955 1155 2019 dictis
1180 1957 1282 2020 fidem

145 2043 382 2116 conciliabat,
408 2045 499 2126 quod
522 2066 581 2108 rex
604 2047 640 2109 et
663 2044 739 2107 aliis
756 2045 960 2127 quibusdam
976 2044 1189 2127 principibus
1212 2045 1282 2108 suis

141 2128 269 2194 simili
292 2133 394 2196 modo
418 2154 536 2197 necem
561 2134 753 2215 paravisse¹
777 2137 812 2197 et
835 2133 1015 2216 plerosque
1042 2154 1083 2196 ex
1106 2133 1282 2196 familiari·

125 2211 229 2282 >bus
252 2221 322 2283 suis
346 2222 451 2284 etiam
474 2222 638 2286 occidisse
668 2222 737 2285 iam
764 2222 897 2305 pridem
921 2222 1110 2285 infamatus
1133 2222 1280 2286 fueratl.

138 2299 288 2390 Itaque
312 2309 445 2393 legatos
468 2311 606 2374 adeum
623 2311 768 2373 mittunt
785 2311 1017 2393 mandantque
1041 2331 1076 2374 se
1099 2311 1167 2374 iam
1184 2310 1282 2375 nulla

137 2397 330 2480 religione
354 2399 464 2462 teneri
487 2399 702 2475 sacramenti,
734 2420 801 2481 quo
832 2400 863 2462 ei
895 2399 997 2463 fidem
1021 2399 1280 2463 subiectionem-

138 2500 230 2565 que
260 2488 462 2562 firmassent,
493 2509 571 2551 cum
602 2488 675 2571 ipse
705 2488 798 2570 prior
821 2488 924 2551 fidem
948 2487 1155 2570 prodidisset
1179 2492 1214 2552 et
1238 2489 1281 2553 de

140 2574 276 2639 salute
300 2597 362 2639 sua
384 2576 615 2639 tractantibus
634 2576 777 2639 insidias
793 2577 1011 2639 machinatus
1029 2577 1163 2641 fuisset.
1203 2577 1280 2640 Pro·

143 2657 254 2735 inde,
283 2665 350 2726 nisi
373 2665 509 2728 obiecta
531 2664 699 2739 diluisset,
724 2664 855 2728 nullam
879 2666 1040 2748 deinceps
1064 2687 1085 2728 a
1108 2687 1143 2730 se
1167 2665 1221 2729 vel
1244 2666 1280 2728 in

146 2752 360 2833 tranquillis
390 2753 491 2816 rebus
522 2754 624 2817 fidem
648 2752 702 2817 vel
725 2754 761 2815 in
785 2754 996 2837 perturbatis
1019 2754 1185 2817 auxilium
1210 2775 1280 2837 spe·

149 2857 239 2904 1are
259 2841 393 2905 debere.
429 2843 541 2924 Aegre
565 2842 667 2904 nimis
689 2843 725 2905 id
745 2863 864 2925 passus
888 2863 946 2906 rex
970 2843 1087 2906 statim
1113 2844 1157 2906 ad
1176 2864 1280 2925 popu·

154 2924 236 2990 lum
258 2930 381 2993 retulit
405 2930 447 2994 de
470 2931 733 3014 importunitate
756 2930 918 2994 Redolfiss
945 2932 1051 3008 ducis,
1083 2932 1143 3014 qui
1170 2933 1210 2993 ut
1232 2932 1280 2992 in·

157 3018 312 3082 radendi
346 3019 443 3102 regni
480 3020 693 3083 occasionem
727 3020 911 3094 inveniret,
949 3041 1026 3083 curn
1060 3041 1179 3084 verum
1215 3019 1280 3082 sibi

125 3117 146 3157 ⁰
164 3106 292 3170 crimen
315 3107 504 3190 impingere
527 3129 597 3171 non
613 3112 736 3191 posset,
761 3109 859 3170 falsis
878 3108 1130 3190 suspicionibus
1154 3111 1190 3170 et
1206 3112 1280 3171 arte

125 3207 151 3252 ι.
166 3196 361 3278 compositis
385 3191 591 3259 'rumoribus
614 3189 817 3280 impeteretll
845 3201 880 3260 et
904 3197 1048 3260 obruere
1072 3189 1272 3259 conaretur¹

165 3283 395 3347 innocentiam
426 3306 532 3347 suam.
580 3284 657 3348 ‘Sed
689 3284 829 3367 procul,
861 3284 924 3359 ait,
958 3284 1140 3346 ‘facessant
1164 3284 1279 3347 verbo·

164 3392 237 3435 rum
268 3394 417 3455 pugnae,
455 3378 587 3437 cessent
622 3365 766 3437 callida¹
803 3376 1084 3455 argumentorum
1120 3373 1280 3455 phantas-

163 3565 184 3607 ι)
204 3559 282 3610 ‹letrap
302 3564 381 3601 (camos
399 3563 507 3611 popinae)
528 3560 680 3602 detrectabam
701 3564 752 3611 1413
774 3561 867 3604 detrect.
889 3562 966 3612 Μὴ
987 3563 1015 3609 cs.
1034 3573 1103 3610 supra
1120 3575 1144 3612 p.
1160 3563 1205 3610 16¹,
1225 3575 1245 3604 a.
1260 3574 1279 3604 s.

125 3614 184 3659 ub)
197 3620 315 3664 ‹priapptcr
328 3616 385 3657 131⁸.
439 3616 460 3661 e)
474 3627 514 3656 cm.
530 3616 575 3659 as,
630 3615 653 3662 d)
667 3618 744 3665 propio
759 3616 816 3657 31⁸.
871 3619 892 3663 a)
906 3616 947 3654 dac
960 3616 1020 3658 151⁸.
1073 3616 1166 3665 Ohsud
1180 3617 1279 3658 Atat.

162 3676 182 3716 g)
197 3667 286 3706 ltudolti
300 3671 346 3711 Al.
361 3670 417 3712 131⁸.
425 3671 443 3712 2.
499 3671 522 3715 h)
536 3670 668 3718 impetraret
682 3669 740 3712 Blb.
795 3671 812 3720 i)
826 3671 935 3708 niteretur
949 3670 995 3712 132.
1049 3669 1073 3720 k)
1087 3667 1160 3709 calida
1174 3670 1232 3711 1³1¹.

162 3831 187 3887 l)
205 3829 289 3878 Nemo
308 3829 531 3880 colutianiutorum
550 3832 634 3894 regia,
658 3847 739 3896 neque
764 3833 820 3896 ipse
845 3830 1019 3896 Lampetes,
1046 3829 1192 3896 quidquam
1209 3832 1279 3881 eitte-

160 3901 233 3949 modr'
248 3901 426 3964 protulerunt.
464 3900 508 3951 Ea
526 3903 594 3950 enim
613 3917 680 3966 pirae
699 3901 795 3952 Bruno
812 3917 833 3955 c.
847 3904 890 3956 57.
904 3904 947 3955 66.
960 3902 1003 3955 61.
1023 3901 1054 3951 dc
1072 3917 1130 3951 nus
1148 3901 1277 3962 liudolfo,

159 3971 311 4029 amiota,
340 3973 431 4021 Ottoni
456 3988 472 4020 c
498 3987 557 4036 repe
578 3978 682 4036 parata
708 3972 860 4035 fabulatur,
887 3973 990 4023 demum
1015 3970 1278 4024 a.1075.e21076.

125 4042 235 4104 tofacta
260 4058 312 4092 ease
337 4043 416 4094 uteie.
455 4041 506 4092 His
531 4043 562 4092 de
586 4042 741 4093 momoriae
766 4043 890 4108 turpibus
911 4042 1015 4107 quatient
1033 4041 1129 4106 Lamp.
1148 4040 1279 4104 quosdam

157 4113 293 4163 audivisse
314 4113 423 4176 ridetur,
449 4115 497 4177 qui
521 4114 578 4164 licet
603 4115 789 4164 narrationem
808 4113 955 4177 Reginqeri
970 4112 1058 4175 fictam
1079 4126 1131 4161 esse
1149 4110 1202 4160 sibi
1215 4125 1279 4174 per·

157 4199 270 4233 suessam
296 4183 413 4246 haberet,
440 4200 484 4235 nec
509 4191 596 4235 tannen
621 4185 709 4246 sarcre
731 4185 831 4247 poliat,
858 4184 924 4248 quin
950 4198 1009 4233 cam
1036 4183 1066 4231 in
1092 4181 1182 4232 odirtm
1208 4181 1280 4244 repis

158 4260 267 4305 verteret
287 4253 333 4320 (cs.
354 4254 487 4305 bethsetta
501 4272 531 4320 p.
544 4257 601 4318 38).
639 4253 681 4303 Eo
698 4253 826 4304 callidior
850 4260 873 4303 et
892 4254 996 4303 auctior
1014 4251 1109 4303 Bruno
1126 4267 1182 4303 earn
1202 4251 1280 4302 silere

159 4326 266 4376 recitarit.
339 4329 366 4390 2)
385 4325 427 4388 Cf.
447 4326 543 4376 Brtmo
563 4342 584 4378 c.
606 4325 717 4378 10-14.
