2842 5026
64 4644 161 4728 ἢ

218 446 274 502 XX
617 443 838 500 PRAEFATIO
857 443 886 500 0.
905 443 945 500 Π.

218 628 285 692 siue
308 649 339 692 a.
362 632 457 692 1074.
482 626 648 708 eorrrposito
671 626 737 690 iam
760 626 918 691 libellum
942 627 985 691 de
1009 627 1082 690 rite.
1109 626 1222 689 sancti
1244 624 1342 688 Lulli

220 719 352 783 editum
376 722 404 781 et
426 714 627 797 exscripserit
649 722 678 779 et
701 713 879 778 laudaverit
889 715 910 776 ¹.

327 804 476 869 Peruenit
505 805 549 868 ael
578 824 649 883 uos,
679 809 714 866 at
738 801 793 866 ‘N.
817 801 953 867 Arcbiu'
978 802 1050 882 IX,
1076 824 1112 882 p.
1138 807 1340 865 285—291.

220 893 353 972 ostendi,
384 896 479 958 coclea
506 892 721 973 autoqraplms
744 890 910 971 Lamperti
936 891 985 955 uel
1008 891 1117 971 potius
1140 888 1340 968 aduersaria,

220 981 255 1046 in
278 981 390 1062 quibus
418 987 527 1046 auctor
554 1002 614 1045 erra
643 1001 741 1043 uranu
771 985 887 1043 tentum
911 978 1001 1043 Vitae
1024 979 1114 1043 Lulli
1144 984 1244 1043 urente
1271 998 1365 1043 con-s

220 1077 339 1152 ceptum
356 1069 465 1151 primo
488 1068 641 1133 exorauit.
689 1067 755 1132 Hic
778 1069 873 1131 coclea

330 1161 363 1241 l)
389 1180 474 1223 nunc
488 1163 634 1221 seruatur
648 1155 685 1220 in
701 1155 883 1221 bibliotheca
898 1156 944 1219 M
947 1154 988 1218 ai
994 1155 1064 1220 lein
1069 1155 1187 1237 qensi
1209 1153 1342 1219 serenis·

220 1247 294 1313 sinu
308 1246 470 1328 principis
490 1249 527 1310 (le
547 1244 946 1326 OettiuqcuWallersteiu,
971 1244 1117 1326 siqnotus
1137 1244 1202 1307 Le
1221 1241 1342 1324 (tuq.

221 1337 267 1400 4⁰.
292 1341 348 1415 29,
384 1334 435 1399 cui
464 1333 580 1398 recenti
610 1340 744 1414 tenepore
773 1333 992 1415 compaqinato
1021 1332 1132 1397 iusim
1162 1333 1341 1409 tl-no.

226 1423 392 1489 Guremrn's
407 1421 539 1504 epistola
554 1423 599 1485 acl
612 1420 789 1501 Arrqienses
804 1421 924 1499 fratres
939 1442 1037 1485 ruiana
1053 1443 1134 1486 saec.
1150 1421 1194 1484 X.
1211 1420 1341 1501 scripta,
1354 1445 1381 1484 ιο

220 1513 400 1592 flue—42.
425 1511 562 1574 Decreta
585 1509 711 1574 concilii
727 1508 957 1573 Lateranensis
980 1531 1010 1572 a.
1024 1515 1117 1574 1215.
1135 1531 1216 1574 suec.
1227 1508 1342 1572 XIII.

220 1606 355 1665 cuarata
378 1599 505 1679 aliaque
527 1619 607 1662 saec.
624 1598 725 1661 XIV.
744 1603 818 1678 post
840 1597 982 1661 uastum.
1021 1600 1112 1663 Haec
1127 1619 1199 1662 uero
1222 1597 1344 1678 sarpta

221 1688 337 1753 recenti
361 1690 483 1751 daretem
506 1693 607 1750 aetate
631 1707 700 1750 cum
724 1686 798 1750 Vita
821 1686 919 1766 Lullr',
951 1708 1031 1767 quac
1054 1688 1079 1764 s.
1098 1692 1239 1750 21-27.
1265 1706 1342 1750 com·

215 1776 394 1859 prehendit,
419 1775 585 1840 coniuncta
601 1780 684 1854 sunt,
709 1795 778 1839 enirn
798 1777 999 1839 rrurrnbranae
1014 1775 1165 1856 qualitate
1180 1780 1209 1838 et
1224 1774 1341 1853 forma,

221 1865 390 1946 scmptrna,
420 1869 536 1927 ornam
566 1863 655 1943 lonqc
685 1863 724 1926 ab
754 1884 792 1927 ea
815 1868 844 1926 et
865 1862 950 1927 iuter
972 1885 1004 1927 se
1027 1863 1190 1941 differunt.
1244 1861 1381 1926 Foliam

229 1953 336 2018 Vitam
364 1951 454 2016 Lulli
484 1951 677 2016 continentia
706 1957 780 2015 sutri
808 1950 932 2029 sornrae
961 1952 1029 2030 sere
1064 1954 1253 2032 quadratae,
1289 1952 1346 2014 secl

224 2041 402 2123 inaequalis
411 2042 431 2121 ³,
463 2040 718 2104 merrrbranarum
748 2038 891 2104 eii-usae
920 2040 1084 2120 qualitatis
1112 2040 1250 2104 interce
1277 2060 1344 2101 reon

223 2129 464 2209 cohaerentium,
495 2135 550 2192 aut
580 2127 764 2209 spissarum,
795 2149 990 2208 asperarum,
1019 2129 1101 2192 ntale
1125 2128 1343 2209 leciqutarnm,

223 2224 279 2282 aut
307 2217 467 2282 subtilium
490 2224 518 2280 et
540 2217 744 2280 mitratorum.
793 2216 837 2280 In
860 2217 973 2296 quibus
995 2239 1062 2280 una
1085 2238 1183 2281 manu
1207 2216 1342 2297 quictem,

223 2307 326 2387 lonqis
348 2305 442 2370 linceis
465 2326 561 2385 usque
585 2306 628 2367 acl
650 2305 771 2369 laceros
792 2304 953 2384 rerarqiues
976 2305 1170 2386 pertinctisi,
1202 2310 1288 2369 arcte
1316 2309 1383 2369 etro

223 2395 404 2474 coruinne5,
429 2396 484 2458 sut
506 2393 621 2472 formis
644 2393 823 2457 litterarum
847 2393 1075 2473 inaequalibus,
1100 2396 1191 2456 niodo
1215 2392 1344 2456 maiori·

223 2484 287 2562 bus,
319 2485 408 2546 modo
432 2482 616 2560 nn'noribns,
648 2481 785 2545 libellum
807 2481 977 2562 paulatim,
1002 2504 1066 2545 nou
1090 2503 1153 2546 uno
1177 2484 1271 2546 (lnctu-
1295 2501 1345 2543 eoc-

223 2578 350 2636 arutum
373 2571 459 2634 esse6
482 2577 623 2652 apparet.
670 2570 835 2633 Permulta
865 2576 920 2633 aut
950 2569 1032 2633 iuter
1059 2570 1260 2635 scribendum
1288 2574 1346 2633 ant

224 2709 249 2775 1)
267 2710 351 2772 Infra
365 2726 396 2775 p.
410 2710 471 2772 347,
492 2709 509 2759 l.
525 2709 609 2774 lbeq.
646 2708 718 2758 Huic
736 2710 849 2773 tempori
866 2710 945 2758 etiam
964 2711 1059 2775 optime
1084 2711 1239 2760 contremunt
1264 2706 1346 2758 eerba

227 2783 302 2832 Vitae
320 2797 340 2834 e.
353 2784 400 2834 19:
421 2782 559 2831 caetorum
578 2778 705 2830 abbatem
725 2796 805 2844 quem
824 2778 959 2846 principes
972 2780 1049 2848 regni
1063 2779 1190 2832 iusserint
1202 2779 1345 2840 habemu8‚
1356 2792 1383 2831 et

222 2869 286 2902 narn
312 2868 328 2901 a
352 2851 522 2918 principibus
546 2853 625 2914 requi
648 2866 700 2900 non
725 2852 781 2900 nisi
802 2850 929 2900 Heinrico
950 2851 1000 2902 IV.
1020 2868 1080 2914 reqc
1101 2853 1218 2901 nonaum
1242 2850 1344 2913 adulto,

222 2929 300 2973 antea
319 2928 342 2972 et
357 2929 448 2987 postea
467 2922 502 2972 ab
520 2923 587 2987 ipeis
605 2920 713 2984 reqibus
731 2920 836 2970 abbates
854 2921 1069 2975 instituebantur.
1109 2922 1183 2973 Inter
1200 2938 1225 2974 a.
1238 2924 1344 2975 luob—

225 2995 301 3047 1074.
321 3009 411 3059 nempe
430 2993 470 3043 bis
487 2992 593 3042 abbates
611 2991 809 3053 Hersfeldenses
826 2994 911 3042 creati
932 2999 1003 3051 erent,
1029 3010 1054 3046 α.
1070 2996 1146 3047 1059.
1174 2993 1345 3052 Raeticarum,

223 3081 248 3118 α.
269 3066 345 3118 1072.
374 3064 530 3128 Hartnriqus
555 3063 603 3126 (cf.
630 3063 714 3123 Anu,
743 3063 821 3124 infra
844 3081 871 3128 p.
892 3065 933 3116 tu.
956 3065 1023 3122 139;
1049 3064 1115 3117 Inst.
1142 3064 1237 3124 Hera,
1263 3063 1346 3125 infru

221 3153 249 3201 p.
269 3137 321 3187 353
334 3138 393 3200 sq).
431 3134 550 3199 Denique
567 3135 723 3184 contrutinet
748 3134 810 3183 hiric
836 3136 950 3198 tenrpori
967 3137 1046 3184 etrum
1065 3136 1169 3198 formae
1189 3135 1382 3185 litterararum

223 3205 318 3257 adicis
335 3205 510 3271 uutoqrapbi,
537 3206 637 3269 dequo
656 3204 845 3257 reeouclicetur,
883 3205 913 3258 Ρ,
934 3205 955 3255 Ι.
975 3221 1027 3255 ean
1040 3206 1133 3267 Hecle,
1154 3206 1170 3257 l.
1186 3206 1202 3258 l.
1219 3221 1248 3270 p.
1264 3206 1344 3267 1052,

223 3277 328 3342 quictem
345 3278 441 3326 statuit
459 3276 482 3324 V
481 3278 546 3325 itam
565 3281 625 3326 ante
644 3291 668 3325 a.
685 3277 761 3328 1040.
775 3277 950 3341 conscriptam
969 3292 1030 3339 esse,
1050 3292 1109 3326 cum
1128 3283 1223 3325 unctor
1238 3277 1347 3340 prioris

222 3348 327 3412 quidem
353 3348 542 3397 translationis
567 3348 686 3411 corporis
704 3346 731 3398 S.
745 3346 823 3395 Lulli
840 3362 865 3398 a,
879 3347 940 3406 852,
967 3347 1012 3397 sul
1029 3362 1083 3397 nan
1101 3347 1346 3399 alteriusa.1040

223 3419 316 3480 (inira
331 3434 360 3482 p.
375 3420 422 3481 56)
441 3419 596 3467 mentiamur
622 3418 719 3479 feccrit.
765 3418 801 3466 At
819 3432 873 3467 non
892 3420 1016 3482 oportuit,
1042 3424 1071 3467 ut
1090 3425 1184 3468 auctor
1202 3417 1346 3468 secundam

223 3489 435 3549 translationem,
458 3504 512 3553 que
532 3504 591 3538 osea
610 3488 688 3537 Lulli
706 3488 734 3536 in
753 3503 834 3537 norae
853 3488 977 3538 basilicae
995 3494 1098 3553 crypta,
1118 3489 1205 3538 altera
1224 3488 1383 3540 incautione

223 3575 248 3610 a.
264 3562 342 3612 1033.
362 3559 453 3620 deleta,
474 3561 591 3622 reposita
610 3565 680 3619 sunt,
700 3564 836 3619 narraret,
856 3574 914 3608 cnm
933 3560 964 3609 de
982 3575 1012 3609 ea
1032 3560 1074 3609 nil
1092 3562 1219 3609 rnemoria
1232 3560 1345 3623 (liquam

223 3629 393 3689 reformidem
411 3628 524 3680 haberet.
603 3631 629 3693 2)
650 3629 737 3679 Codex
755 3634 896 3695 antequem
916 3637 1030 3680 recenter
1048 3632 1251 3696 corrrpaqinatus
1270 3637 1344 3692 essct,

219 3699 306 3765 plura
324 3701 484 3750 continuisse
503 3700 622 3759 triduum·
640 3715 706 3764 quae
724 3715 794 3748 nureo
805 3702 926 3760 continet,
945 3700 1001 3751 alio
1013 3702 1107 3751 oraine
1120 3716 1237 3750 connexu
1250 3706 1346 3758 erant:

223 3771 258 3833 cf.
278 3770 321 3823 GV,
332 3769 442 3819 Archiu'
466 3769 526 3832 VII,
543 3786 572 3835 p.
588 3772 647 3831 173,
666 3785 709 3822 nr.
725 3771 767 3830 10,
786 3770 833 3819 ubi
850 3773 940 3821 nrinns
958 3777 1023 3822 recte
1041 3772 1073 3820 ele
1091 3776 1174 3822 aetate
1192 3773 1346 3835 scripturae

229 3842 303 3891 Vitae
321 3840 399 3891 Lnlli
418 3840 565 3890 iudicatum
583 3847 628 3892 est.
714 3840 741 3904 3)
759 3840 950 3905 Lonqitndinio
967 3847 1029 3893 sunt
1050 3844 1154 3895 17-18
1172 3859 1230 3905 em,
1251 3842 1384 3894 latita-ao

223 3912 296 3962 ainis
316 3910 455 3978 12—131t,
475 3927 523 3964 cm.
583 3911 610 3975 4)
628 3910 679 3961 Sul
696 3911 767 3972 folia
785 3913 828 3965 ⁶21.
849 3918 870 3962 ct
890 3915 932 3966 23.
952 3914 1010 3963 sola
1030 3913 1108 3963 lineis
1126 3914 1252 3963 ‹listiucta
1272 3919 1345 3972 sunt,

224 3983 329 4048 reliqua
346 3997 409 4042 non,
429 3989 452 4032 et
470 3983 500 4031 in
518 3982 576 4033 illis
595 3987 657 4032 sunt
670 3983 755 4031 lineae
770 3982 819 4043 fol.
829 3985 877 4035 21:
888 3986 932 4045 23,
951 3984 999 4045 t‘ol.
1011 3986 1062 4037 ⁶21¹.
1076 3991 1100 4034 et
1113 3986 1160 4036 23:
1174 3985 1217 4045 24,
1231 3984 1343 4046 falb-3¹:

223 4056 265 4107 30.
304 4053 418 4117 Reliqua
441 4053 512 4115 folia
535 4055 664 4103 continent
688 4052 772 4102 lineas
789 4056 833 4106 23.
852 4057 895 4107 29.
915 4057 957 4106 33.
978 4057 1021 4108 34.
1042 4058 1084 4107 39.
1104 4057 1147 4108 40.
1186 4055 1345 4119 Scripturae

223 4126 350 4189 specimen
369 4124 426 4173 eide
449 4125 478 4173 in
501 4124 594 4173 tabula
613 4124 656 4173 (Ν.
671 4123 779 4172 Arclriu'
798 4123 850 4178 IX,
869 4125 942 4177 datu.
1051 4128 1078 4188 5)
1106 4126 1251 4175 Permultis
1276 4142 1346 4175 corn·

219 4194 328 4260 penrliis
345 4211 412 4245 astes
429 4200 466 4244 est
484 4194 579 4246 scriba.
618 4193 717 4259 Ubique
736 4211 758 4258 e,
778 4210 916 4259 nunquam
935 4211 966 4246 ae
985 4198 1114 4260 scriptum
1134 4203 1178 4248 cst.
1210 4196 1347 4246 Nonnulli
1357 4211 1384 4250 ⁴⁵

223 4271 343 4316 actantiae
370 4267 551 4328 inueniuntur,
579 4280 643 4330 quos
671 4267 778 4319 retinui.
822 4265 958 4317 Serneonie
986 4267 1098 4316 articuli
1125 4269 1221 4331 optime
1248 4268 1346 4332 ubique

224 4338 310 4399 eiqrn'e
327 4336 448 4387 distincti
464 4343 534 4397 sunt,
553 4352 620 4401 qnae
638 4351 739 4400 smeper
758 4338 814 4400 fere
831 4338 944 4388 retinere
964 4337 1047 4389 licuit.
1121 4340 1148 4402 6)
1167 4337 1260 4387 Etiam
1279 4354 1346 4388 non-

223 4407 314 4457 nullae
329 4409 471 4458 sententiae
485 4422 636 4472 paucorum
648 4405 787 4458 uerborum
806 4407 840 4457 ab
857 4407 922 4459 aliie
935 4408 1155 4473 praecedentibus
1173 4414 1197 4458 et
1215 4411 1346 4474 sequenti-
