2842 5026
114 456 169 511 250
336 448 542 509 namnam
559 450 749 511 manns
784 450 822 511 A.
842 452 923 511 less
941 450 1025 509 ldib-

28 632 107 689 1⁰⁷⁶·
117 635 281 701 scientiae
305 654 387 701 suae
409 634 609 701 testimonio
632 634 822 713 convictos,
844 655 890 701 ne
912 632 1128 699 inficiaretur
1141 644 1211 721 qnod

16 702 108 754 (Μ)
117 724 291 801 audiebat,
316 727 452 789 reatum
474 743 574 788 snum
599 722 779 790 humiliter
800 722 955 809 agnovit,
979 722 1210 807 statimqueda

117 813 255 878 stinatis
289 813 555 896 circumquaque
587 811 726 877 nunciis
759 812 873 878 cives·
909 830 1033 877 omnes
1065 810 1209 901 Colonia,

117 921 202 985 quos
235 902 272 964 in
305 900 475 966 ultionem
508 900 656 966 iniuriae
689 920 773 967 suae
804 899 1120 967 excommunicatos
1146 906 1209 977 urbs

116 990 313 1075 fugaverat,
349 990 394 1054 ad
428 1009 464 1055 ae
498 989 669 1067 evocavit,
704 989 822 1074 eisque
855 988 1015 1075 proxima
1046 988 1224 1069 testivitate.

21 1103 77 1153 apr.
85 1102 107 1143 a.
116 1078 272 1164 paschali
301 1112 344 1122 -
373 1098 454 1143 nam
483 1078 532 1141 in¹
549 1078 814 1163 qnadmgesime
839 1077 1010 1144 visionem
1031 1076 1159 1145 viderat
1180 1116 1210 1133 -

117 1187 187 1233 non
222 1167 335 1231 solum
369 1166 646 1233 communionem
679 1165 986 1245 aecclesiasticam,
1024 1166 1087 1233 sed
1118 1162 1240 1273 ‘etim

117 1256 209 1320 bona
242 1276 305 1320 sua
337 1255 467 1332 omnia,
505 1274 594 1340 quae
628 1254 766 1340 direpta
798 1254 955 1335 tuemnt,
994 1254 1210 1341 benignusne

116 1344 282 1409 restitnit.
328 1343 385 1410 Sic
415 1343 529 1429 gravis
560 1342 624 1409 illa
657 1346 860 1429 tempestas,
893 1362 983 1429 quae
1014 1344 1137 1429 spiritu
1161 1346 1211 1417 dia-

118 1430 231 1498 bolico
253 1431 421 1497 suscitata
443 1435 554 1497 totam
570 1437 791 1499 concusserat
807 1431 999 1510 Coloniam,
1023 1434 1237 1521 conquesita

117 1526 217 1606 pater
246 1519 345 1597 tilios,
376 1519 441 1584 filii
470 1524 606 1605 patrem
635 1523 927 1607 recognoverunt;
959 1521 1211 1611 uobiepisoopm

117 1609 359 1684 amaritudine,
383 1608 532 1694 populus
548 1612 644 1675 metu
667 1612 704 1676 et
722 1602 996 1687 sollicitudinei',
1019 1610 1211 1684 civitassiba

117 1701 195 1762 rata
217 1701 270 1763 est
292 1696 492 1764 solitudine.
537 1698 827 1803 Arohiepiacopus
855 1698 926 1763 iam
955 1720 978 1765 a
1022 1698 1162 1785 rineipio
1177 1723 1211 1773 se

117 1784 294 1872 pultnram
324 1786 392 1851 sibi
420 1786 618 1871 providerat
647 1784 813 1853 Coloniae
845 1786 884 1852 in
917 1806 979 1855 asc
1013 1786 1087 1855 esis
1115 1788 1210 1863 beatae

118 1875 248 1940 Mariae
279 1895 367 1959 quae
397 1875 526 1940 dicitnr
555 1876 601 1940 ad
630 1874 779 1959 Gradus.
831 1876 1060 1943 Postmodum
1087 1876 1237 1951 offeram

116 1964 315 2029 temeritate
338 1962 606 2042 Coloniensium,
630 1985 699 2049 qua
720 1964 759 2029 iu
782 1985 862 2031 eum
883 1965 1046 2031 inaudita
1066 1966 1155 2033 rabis
1170 1970 1211 2037 de

118 2052 260 2117 bachati
281 2053 433 2130 fuerant,
464 2074 534 2118 uon
557 2053 661 2118 modo
683 2054 848 2131 animum,
871 2054 933 2121 sed
955 2074 1083 2139 eorpus
1102 2074 1210 2143 qnoque

118 2146 238 2205 suum⁰
274 2142 317 2207 de
344 2140 490 2206 Colonia
519 2142 557 2206 in
586 2141 754 2225 Sigeberg
780 2142 1065 2210 transferendum
1092 2146 1209 2227 cenam

117 2229 235 2313 ibique
258 2229 396 2313 sepeliri
412 2250 448 2296 se
464 2231 559 2295 omni
574 2224 698 2295 modod
717 2230 875 2296 definivit
885 2231 908 2294 ¹.
940 2228 1097 2317 (tumus
1117 2252 1210 2319 appia

8 2318 327 2443 nesapinquante⁰
356 2319 412 2385 die
434 2319 626 2383 vocationis
649 2338 732 2385 suae
755 2317 921 2387 Coloniae
942 2323 1125 2405 egrotaret,
1150 2322 1235 2391 ian-a

117 2428 184 2491 qne
223 2408 260 2471 in
277 2411 429 2473 extremo
445 2408 570 2493 spiritu
585 2408 797 2474 constitutus
819 2408 1112 2475 animadverteret
1130 2432 1210 2499 popo

117 2496 190 2560 lum
207 2494 447 2562 Coloniensem
472 2497 624 2579 graviter
646 2497 748 2561 nimis
771 2498 872 2575 ferre,
896 2498 991 2583 quod
1011 2500 1087 2563 tam
1107 2500 1209 2568 deside

117 2585 219 2648 rabili
242 2586 406 2651 thesauro
431 2586 689 2650 defraudandus
717 2590 821 2664 esset,
853 2586 1037 2671 paululum
1062 2595 1209 2674 resumpto

117 2674 241 2757 spiritu
271 2675 307 2736 in
339 2675 429 2738 lecto
460 2675 630 2752 consedit,
666 2679 876 2759 acceptaque
910 2675 1002 2741 stols
1036 2678 1208 2762 pontificali,

118 2767 158 2825 ut
187 2763 351 2828 videlicet
380 2763 493 2827 verbis
524 2763 601 2846 plus
631 2765 759 2829 inesset
790 2766 1018 2844 auctoritatis,
1050 2766 1233 2833 familiaresa

118 2872 196 2915 suos
220 2852 283 2915 sub
307 2852 552 2916 testificatione
576 2853 724 2916 nominis
748 2854 856 2917 divini
879 2854 1063 2929 adiuravit,
1087 2876 1128 2921 ne
1148 2856 1210 2921 abbi

118 2946 219 3004 enmi
251 2961 352 3022 quarn
389 2942 424 3003 in
455 2941 622 3024 sigeberg
656 2943 737 3025 poni
772 2943 957 3008 cinerente
1009 2944 1151 3009 Factum
1173 2952 1213 3010 est

27 3049 199 3110 nacergo
239 3030 330 3111 quod
370 3030 527 3093 iusserat.
585 3030 782 3095 Defunctus
817 3032 909 3096 enim
948 3036 1027 3116 post
1065 3034 1214 3099 modicum

117 3117 228 3200 gloria
262 3118 410 3200 ingenti,
447 3139 572 3201 magno
606 3118 689 3183 cleri
722 3124 758 3184 et
792 3120 903 3203 plebis
937 3122 1069 3196 studio,
1105 3143 1216 3187 summo

117 3211 351 3269 matronarum
378 3207 633 3271 Coloniensiurn
658 3208 756 3272 luctu
779 3210 816 3272 in
840 3209 1006 3293 Sigeberg
1030 3210 1162 3276 delatus
1180 3217 1243 3277 ata

2 3314 182 3376 namque
213 3295 248 3357 in
281 3296 393 3359 medio
417 3296 604 3361 aecclesiae
635 3296 792 3380 sepultus
816 3301 868 3363 est
879 3299 900 3360 ³.
947 3298 1016 3363 Ubi
1041 3294 1218 3384 quottidie⁸¹

117 3404 177 3466 per
200 3384 273 3447 eius
303 3384 537 3449 interventum
562 3385 711 3450 fideliter
740 3386 999 3469 postulantibus
1027 3390 1139 3454 multa
1163 3411 1223 3474 pre

116 3476 254 3535 stantun
277 3473 413 3537 divinae
436 3473 678 3556 opitulationis
702 3469 934 3540 benefieia¹·⁴.

12 3580 105 3622 neers.
223 3560 422 3624 MLXXVI.
467 3562 541 3626 Rex
570 3557 744 3627 natalemk
776 3564 916 3629 Domini
944 3564 1125 3631 Goslariae
1154 3567 1230 3633 cele

116 3648 239 3711 bravit.
275 3649 429 3732 Cumque
452 3645 510 3715 eo¹
534 3671 652 3716 onmes
674 3653 773 3735 regni
796 3654 968 3738 principes
987 3661 1173 3730 evocasset,
1196 3661 1262 3723 ata

116 3736 158 3799 de
193 3737 405 3821 principibus
435 3739 617 3815 Saxoniae,
654 3741 714 3824 qui
748 3741 785 3805 in
817 3742 1029 3807 deditionem
1059 3750 1234 3821 venerant,

116 3826 288 3887 communi
312 3828 455 3891 consilio
472 3828 732 3901 deliberaretur,
759 3834 873 3914 preter
896 3833 1018 3897 ducem
1036 3832 1237 3899 Boemionm

116 3914 216 3996 pulici
240 3915 425 3979 admodum
450 3921 627 3981 venerunt.
663 3919 718 3982 Ab
741 3919 825 4002 ipsis
848 3922 964 3985 tamen
989 3921 1049 4003 qui
1071 3927 1239 3988 venerant

113 4102 135 4147 al
150 4115 224 4144 onina*
239 4105 286 4145 Col.
303 4107 363 4145 cives
377 4107 408 4153 fr.
464 4107 486 4154 b)
501 4114 523 4146 et
537 4107 585 4147 ⁸011.
602 4108 718 4148 ambro.
775 4112 795 4156 r)
810 4122 853 4150 om.
868 4108 930 4150 arb.
994 4108 1018 4160 d)
1032 4122 1056 4153 se
1070 4112 1164 4152 omnino
1178 4113 1241 4153 311.

114 4160 340 4209 eraproplnq.Bl·.
382 4161 557 4208 minantem.
593 4164 800 4212 tssvvluarvrlndlg.
816 4174 866 4203 eum
880 4165 913 4210 [r.
955 4162 1157 4213 b)quotldieAl.
1173 4166 1274 4219 Βιῑῑω

113 4209 256 4251 cotidiana.
313 4214 463 4260 intremissa
520 4215 938 4266 k)nrtma25nanntaten1131b.
993 4218 1140 4269 lleoalw.

115 4355 140 4417 l)
160 4353 201 4417 Cf.
218 4354 277 4403 Vita
290 4355 414 4406 Anamis
435 4355 472 4419 ΙΙ,
486 4359 529 4421 24,
547 4373 576 4422 p.
589 4359 650 4411 496.
708 4361 736 4421 2)
756 4359 800 4423 (Ἰ.
821 4359 854 4413 ib.
874 4360 930 4426 111,
943 4362 969 4426 8,
985 4377 1014 4427 p.
1028 4362 1089 4417 500.
1146 4364 1178 4429 8)
1198 4362 1243 4428 Cf.

112 4424 146 4476 ib.
168 4423 221 4487 ΙΙΙ,
236 4427 278 4491 ld,
295 4442 325 4491 p.
338 4427 488 4482 sisi-tos.
559 4428 589 4496 4)
609 4429 652 4486 Cf.
671 4445 758 4496 supro
771 4446 802 4496 p.
815 4432 878 4498 242,
898 4432 916 4486 l.
930 4433 964 4487 19
977 4448 1032 4498 sqq
