2842 5026
219 423 254 475 98
493 417 694 472 LAMPnRTI
712 416 907 472 ANNALES.
943 418 979 474 A.
1000 420 1077 476 toas.

131 583 208 635 loct.

98 650 166 690 „m
175 651 208 690 ,τ’
221 601 354 664 toribus
378 600 555 682 excepturi
579 601 705 664 forent.
753 600 819 663 Per
842 600 953 663 hanca
981 601 1196 665 occasionem
1228 602 1351 684 paulu·

221 689 292 751 lum
324 689 367 753 ab
398 689 501 752 armis
532 692 567 752 et
602 682 817 752 incursioneb
852 688 1032 752 vacatione
1063 689 1161 763 data,
1198 691 1350 753 nuncius

221 778 315 841 venit
350 778 386 839 in
421 781 535 840 castra
569 777 612 839 ad
644 777 865 850 christianos,
898 777 1021 839 missus
1052 777 1095 840 ab
1127 777 1181 840 his
1216 779 1276 860 qni
1311 779 1350 840 in

222 886 406 948 parasceue
430 865 589 929 omnibus
613 865 745 927 amissis
770 864 854 927 nudi
879 868 915 928 et
939 865 1047 928 saucii
1070 886 1178 947 usque
1197 866 1349 929 Remulo

222 954 499 1037 pertenderant¹.
539 954 574 1015 Is
598 952 829 1017 amaritudine
853 957 889 1017 et
914 957 1008 1017 metu
1033 954 1201 1017 coniectis
1226 955 1372 1019 menti-s

222 1042 285 1105 bus
316 1063 477 1124 magnum
509 1041 630 1104 attulit
661 1041 895 1122 refrigerium,
926 1041 1084 1104 indicans
1115 1042 1236 1106 ducem
1274 1065 1347 1125 pre·

221 1131 335 1193 dictae
359 1130 526 1201 civitatis,
559 1129 641 1193 licet
665 1150 852 1212 paganum,
878 1129 994 1192 divino
1019 1133 1151 1203 tamen,
1185 1135 1225 1193 ut
1249 1135 1346 1215 puta·

222 1218 333 1292 batur,
370 1218 538 1281 instinctu
568 1218 775 1292 animatum,
807 1238 885 1280 curn
920 1217 1121 1300 ingentibus
1157 1219 1265 1302 copiis
1301 1222 1346 1284 ad

221 1307 312 1388 ipsos
343 1305 539 1369 liberandos
569 1305 741 1369 advenire.
787 1305 860 1369 Nec
892 1305 999 1370 latere
1036 1307 1150 1388 potnit
1181 1308 1346 1372 Ambitus

221 1394 478 1457 advenientium
503 1394 653 1457 hostium
677 1395 781 1457 fama.
828 1393 1023 1476 Statimque
1050 1414 1184 1467 omnes,
1217 1399 1385 1460 averniam

221 1482 264 1545 ab
296 1482 440 1545 aliorum
472 1483 730 1565 oppugnatione
761 1482 804 1545 ad
836 1503 870 1545 se
894 1482 986 1565 ipsos
1010 1483 1193 1547 salvandos
1217 1486 1345 1568 cogita-

221 1570 387 1646 tionibus,
419 1571 578 1653 precipiti
613 1571 713 1652 t'uga,
746 1591 813 1652 quo
844 1574 1032 1652 quemquee
1066 1591 1143 1654 spes
1174 1573 1343 1637 evadendi

221 1659 375 1734 vocabat,
401 1658 613 1722 dilabuntur.
654 1659 696 1720 In
713 1679 754 1722 ea
770 1658 1011 1740 trepidatione,
1037 1659 1119 1721 dum
1136 1659 1197 1722 aiii
1213 1661 1257 1723 ad
1274 1662 1345 1725 alia

221 1747 373 1810 curanda
396 1747 637 1817 discurrerent,
663 1766 751 1808 unus
770 1747 963 1810 vinctorum
988 1747 1106 1823 evasit,
1132 1768 1237 1831 opera
1260 1771 1344 1813 usus

221 1834 400 1899 Sarraceni
417 1835 604 1909 cuiusdam,
629 1856 730 1917 quem
747 1835 870 1898 ducem
890 1835 1024 1898 itineris
1044 1835 1224 1899 christiani
1241 1839 1344 1903 habe·
1358 1858 1384 1896 rs

221 1923 321 1997 bant,
353 1927 452 1986 tanto
483 1923 634 1987 omnium
666 1923 800 1998 dolore,
832 1927 932 1987 tanto
962 1924 1111 2004 gemitu,
1144 1930 1184 1987 ut
1214 1926 1257 1989 ab
1291 1948 1342 2003 ee,

220 2011 317 2074 cuius
336 2011 555 2095 indulgentia
571 2011 730 2074 dimissus
746 2012 871 2084 fuerat,
897 2011 951 2073 vix
968 2032 1090 2074 manns
1105 2009 1343 2079 inhiberentd.

74 2099 291 2172 (maanes
323 2100 433 2163 multo
464 2104 542 2182 post
573 2099 641 2161 dux
672 2099 761 2182 ipse,
793 2104 833 2161 ut
863 2099 1066 2162 nunciatum
1097 2101 1229 2178 iuerat,
1262 2124 1342 2166 curn

219 2188 371 2251 exercitu
402 2188 542 2252 advenit
552 2188 572 2263 ²,
605 2188 813 2270 pacificeque
843 2188 880 2250 in
910 2187 1036 2250 atrium
1067 2192 1107 2251 a⁰
1142 2190 1344 2254 christianis

219 2280 397 2359 susceptus
428 2280 490 2351 est,
522 2276 694 2358 suspensis
724 2279 840 2339 tamen
871 2276 1030 2339 omnibus
1064 2277 1157 2341 inter
1185 2299 1281 2360 spem
1307 2284 1383 2344 etro

219 2369 358 2436 metum,
376 2386 419 2429 ne
436 2365 526 2428 forte
544 2385 613 2428 non
626 2364 764 2428 sublata
776 2363 963 2440 calamitas,
981 2365 1041 2428 sed
1054 2360 1186 2428 hostiss
1201 2371 1342 2431 tautum

218 2457 372 2516 mutatus
396 2457 495 2527 esset,
520 2457 555 2516 et
572 2456 712 2535 propter
735 2453 925 2516 novitatem
946 2453 996 2516 rei
1012 2453 1156 2518 difficile
1173 2457 1345 2520 credenti·

48 2541 290 2616 amaranthus,
314 2542 404 2623 quod
422 2541 589 2604 Satanasss
609 2540 761 2603 Satanan
777 2541 896 2615 eicere,
914 2541 978 2604 hoc
999 2545 1051 2604 est
1067 2562 1222 2625 paganus
1239 2566 1344 2627 paga-

217 2652 298 2692 num
317 2630 359 2692 ab
376 2630 599 2692 infestatione
615 2626 893 2692 ‘christianorum
911 2629 1070 2693 cohibere
1082 2630 1198 2694 veliet.
1224 2632 1343 2696 Primo
1356 2648 1409 2695 'nt

217 2719 368 2780 onmium
393 2719 526 2781 vinctos
557 2719 621 2781 sibi
653 2718 842 2799 presentari
869 2718 979 2780 iussit.
1027 2718 1120 2796 Quos
1144 2739 1221 2782 oum
1245 2742 1383 2805 aspe-ss

217 2807 321 2869 uisset
352 2811 387 2870 et
417 2828 504 2888 quae
535 2807 629 2869 facta
659 2807 798 2869 fuerant
829 2806 948 2870 ordine
979 2806 1147 2878 audisset,
1173 2809 1343 2872 maximas

218 2895 413 2958 christianis
437 2895 566 2975 gratias
585 2895 657 2976 egit
681 2915 742 2976 pro
767 2895 947 2976 magnifice
971 2895 1077 2976 gestis
1101 2896 1203 2959 rebus
1227 2902 1263 2961 et
1289 2919 1343 2962 ex·

218 2984 380 3066 pugnatis
411 2984 458 3046 rei
489 2983 648 3065 publicae
683 2983 857 3045 acerrimis
892 2983 1065 3059 hostibus,
1102 2985 1161 3066 qui
1193 3006 1341 3068 regnum

218 3064 459 3134 Babiloniumh
486 3072 552 3134 iam
578 3071 785 3154 permultos
809 3091 916 3133 annos
940 3071 1085 3134 assiduis
1109 3073 1343 3155 populationi-

218 3160 281 3222 bus
311 3161 533 3223 infestassent
564 3164 599 3222 et
630 3180 771 3241 magnas
801 3159 1002 3241 plerumque
1026 3160 1207 3224 adversum
1231 3182 1267 3227 se
1292 3164 1380 3225 in-so

217 3252 365 3311 structas
401 3250 490 3312 acies
525 3248 704 3311 commisso
739 3247 926 3310 certamine
956 3243 1213 3312 obtrivissent¹.
1261 3251 1340 3314 Tra·

217 3336 308 3400 ditos
332 3358 389 3400 eos
413 3336 613 3400 custodibus
641 3338 713 3418 regi
738 3329 1056 3399 Babiloniorumi·³
1086 3338 1179 3401 vivos
1210 3341 1340 3403 servari

217 3426 380 3507 precepit.
429 3425 517 3508 Ipse,
543 3429 685 3506 accepta
709 3446 729 3486 a
752 3424 949 3487 christianis
976 3428 1107 3506 quanta
1130 3434 1340 3492 convenerat

217 3514 393 3594 pecunia&
426 3534 540 3576 secum
572 3534 629 3577 eos
659 3513 806 3575 Ramulo
837 3512 1008 3595 perduxit.
1056 3514 1143 3577 Inde
1178 3516 1340 3581 adhibito

217 3601 265 3664 eis
290 3602 526 3684 expeditorum
551 3602 713 3664 iuvenum
738 3602 902 3684 presidio,
936 3622 977 3664 ne
1007 3623 1075 3684 qua
1099 3602 1212 3667 denuo
1235 3604 1377 3669 latro-ss

217 3710 297 3750 mun
329 3689 523 3752 incursione
554 3690 842 3771 periclitarentur,
874 3710 981 3771 usque
1013 3690 1249 3755 Iercsolirnam
1280 3714 1340 3757 eos

86 3778 358 3858 (spanaperduci
393 3778 502 3839 iussit.
556 3778 654 3839 Nihil
689 3779 850 3860 deinceps
885 3778 1106 3842 difficultatis
1140 3780 1177 3841 in
1212 3782 1338 3858 eund0‚

216 3972 238 4017 a)
252 3977 293 4004 cm.
310 3966 370 4005 Blb.
426 3968 448 4015 b)
463 3966 623 4005 incursionibus
640 3969 726 4005 A1.1·.
789 3968 809 4015 r)
824 3967 839 4006 i.
855 3970 971 4015 quocuqua
986 3968 1006 4006 B
1015 3966 1048 4007 lb.
1112 3966 1136 4018 d)
1150 3969 1262 4010 inhiberet
1275 3971 1295 4010 B
1304 3970 1337 4009 iit.

216 4026 236 4065 e)
257 4030 299 4057 cm.
320 4021 407 4058 Anu.
477 4021 494 4069 s)
513 4026 528 4058 t.
545 4021 566 4058 h.
582 4020 628 4059 Bt.
697 4021 721 4070 g)
740 4021 845 4059 sathanan
864 4021 974 4060 sathanan
992 4021 1080 4060 Bina
1154 4022 1177 4071 h)
1192 4023 1272 4074 Babyl.
1288 4025 1338 4063 Aa.

216 4073 232 4115 i)
247 4073 394 4112 obtinuissent
407 4073 427 4110 B
437 4075 467 4111 1⁸.
1349 4074 1375 4112 40

218 4235 243 4295 1)
267 4234 358 4298 Sapra
375 4251 402 4298 p.
423 4236 471 4299 94,
492 4234 508 4286 l.
530 4237 563 4287 10
575 4250 629 4298 sqq.
711 4236 738 4295 a)
757 4233 812 4282 Hor
837 4234 950 4284 secundo
974 4233 1047 4295 feria
1072 4234 1210 4301 pumicatis
1235 4237 1338 4299 focium

215 4306 351 4355 maenaa.
366 4304 457 4357 attat.
474 4312 497 4355 et
517 4305 661 4355 Marianus
679 4305 808 4366 referunt.
881 4307 908 4368 3)
926 4304 981 4372 Alp
999 4306 1110 4359 Arslon.
1183 4307 1212 4373 4)
1229 4306 1337 4358 Maria-

215 4391 283 4425 nus:
302 4374 406 4442 accepit
425 4373 587 4443 quingentos
606 4373 736 4425 bisantios
754 4390 858 4428 aureos.
