2842 5026
239 427 336 483 VITA
352 427 471 485 LULLI
488 428 667 485 ARCHIEP.
686 429 797 485 AUOT.
815 428 1034 485 LAMPER'PO.
1148 436 1200 488 309

10 580 19 676 l
71 609 111 672 in
137 610 217 674 aliis
237 632 317 676 vero
341 612 422 676 fidei
446 612 593 676 calorem
618 612 921 696 superabundante
946 614 1131 696 iniquitate
1156 615 1199 677 ad
1211 637 1369 686 naman.

10 692 15 719 ⁵
72 720 204 781 purum
235 701 419 765 refrixisse.
474 701 516 762 In
546 701 740 764 inmensum
769 722 850 784 ergo
882 722 1025 766 cernens
1055 722 1200 766 messem

71 789 289 852 excrevisse³
317 789 534 863 dominicam,
566 794 723 872 tempora
744 811 826 854 vero
856 790 918 853 illa
941 813 975 853 m
1022 812 1103 853 nam
1126 792 1200 873 pati
1210 816 1237 857 a.
1245 816 1265 864 s,
1273 815 1306 857 a.

72 878 313 959 operariorum
337 878 525 960 penuriam,
549 878 683 942 remisit
706 879 742 941 in
763 879 998 942 Brittanniam
1039 881 1094 943 etc
1116 880 1199 942 mui-

49 966 146 1041 mos,
184 987 328 1048 quorum
363 971 555 1049 spectatam
585 966 737 1030 habebat
768 967 885 1041 fidem,
918 971 954 1030 et
984 962 1195 1050 exuperans‘l

72 1055 152 1117 tam
179 1054 365 1118 facundiae
393 1075 497 1136 qnam
521 1055 685 1118 scientiae
709 1055 900 1138 spiritualis
923 1056 1051 1119 flumen
1076 1057 1198 1120 exinde

73 1141 112 1204 in
144 1163 232 1226 opus
263 1143 433 1225 evangelii
465 1143 629 1207 evocavit.
688 1143 884 1207 Nonnullas
917 1145 1021 1207 etiam
1051 1145 1198 1209 feminas

76 1231 202 1295 ascivit
226 1233 270 1295 ad
293 1232 543 1296 instituendam
566 1233 601 1294 in
620 1230 743 1295 Galliis
761 1233 932 1296 castitatis
953 1253 993 1296 ao
1010 1233 1198 1315 pudicitiae

76 1319 218 1383 scolam.
266 1318 420 1398 Quarum
444 1320 626 1403 pleraeque
651 1320 694 1384 ab
719 1325 817 1385 utero
846 1321 967 1384 matris
995 1341 1030 1385 se
1059 1325 1199 1404 propter

39 1426 185 1490 aoregna
216 1410 388 1472 caelorum
420 1411 657 1473 castraverant
687 1409 750 1473 sub
782 1410 993 1532 professione
1023 1409 1198 1492 virginita-

78 1497 158 1573 tisi,
185 1497 369 1580 pleraeque
392 1500 534 1561 thorum
558 1498 776 1580 coniugalem
817 1502 987 1581 expertae,
1013 1499 1198 1561 secundam

80 1589 156 1668 post
186 1586 398 1669 virginitatis
433 1586 654 1669 naufragium
690 1586 860 1663 tabulam,
892 1587 1097 1650 viduitatem
1133 1608 1199 1648 am·

80 1673 357 1756 plectebantur&
394 1674 493 1738 Inter
516 1675 579 1739 has
603 1675 678 1737 erat
702 1667 757 1738 eth
778 1677 964 1739 matertera
984 1675 1078 1739 beati
1094 1674 1197 1750 Lulii,

78 1762 188 1826 virilis
224 1757 427 1827 admodum¹
466 1764 571 1826 animi
606 1768 642 1827 et
676 1764 849 1826 masculae
883 1764 1023 1827 virtutis
1056 1763 1197 1837 femina,

44 1853 220 1916 renomine
244 1845 424 1915 Cunihiiiak
452 1872 528 1915 oum
553 1852 625 1914 filia
648 1851 739 1928 sua¹,
772 1873 868 1934 quae,
894 1855 1037 1935 excepto
1061 1852 1209 1934 virgini-³

78 1941 163 2003 tatis
188 1941 377 2024 privilegia
403 1941 548 2004 scientia
571 1961 705 2022 quoque
729 1944 765 2003 et
788 1962 921 2007 morum
945 1942 1116 2022 gravitate
1132 1962 1198 2002 rna·

72 2033 168 2092 trem
193 2029 352 2111 equabat.
388 2028 484 2107 Quae
508 2029 544 2091 in
568 2029 734 2111 Turingia
759 2023 838 2110 [in¹]
865 2029 1081 2093 monasteriis
1104 2029 1198 2092 femi-

71 2139 202 2180 narum
234 2119 386 2200 prelatae
410 2119 518 2181 vitam
548 2118 682 2200 magnis
705 2118 893 2181 virtutibus
925 2117 1052 2181 claram
1083 2137 1198 2199 exege-

64 2208 162 2269 runt
193 2206 388 2289 multosque
420 2207 575 2289 adprime
603 2207 641 2268 in
670 2206 785 2270 seculo
815 2205 977 2270 florentes
1005 2212 1079 2269 tam
1109 2205 1199 2269 viros

13 2321 55 2364 ‚o
69 2316 183 2376 quam
213 2296 359 2360 feminas
391 2295 434 2357 ad
466 2294 711 2358 emulationem
741 2295 895 2357 instituti
927 2295 1009 2357 sui¹¹¹
1034 2294 1199 2357 excitave-

64 2388 172 2446 runt.

188 2478 217 2535 3.
265 2472 380 2555 Igitur
420 2474 622 2555 postquam¹1
661 2471 805 2536 celebris
847 2493 906 2554 per
940 2463 1194 2533 Brittanniamb

70 2581 197 2624 rumor
222 2561 438 2644 percrebuit⁰
467 2561 509 2624 de
532 2560 684 2624 feliciter
707 2560 831 2623 rebusl'
851 2560 957 2643 gestis
981 2559 1074 2622 beati
1098 2559 1199 2622 Boni·

72 2649 172 2725 facii,
197 2652 317 2712 sancto
333 2649 436 2712 Lullo
460 2650 573 2712 adhuc
598 2649 630 2711 in
650 2649 858 2712 monasterio
875 2648 1075 2721 constituto,
1096 2652 1195 2710 cum‘i

10 2762 58 2804 ιε»
76 2738 148 2800 iam
173 2739 338 2801 diaconus
362 2742 451 2801 esset
475 2738 654 2800 ordinatus
665 2738 685 2814 2,
710 2735 836 2801 nobilis
858 2733 1038 2819 ‘quedam‘
1061 2735 1200 2798 flamma

10 2819 57 2859 ⁷·
82 2828 208 2890 exarsit
237 2827 275 2888 in
304 2830 452 2909 pectore,
483 2828 523 2887 ut
545 2827 618 2888 viro
643 2826 708 2889 Dei
739 2830 812 2888 tam
841 2825 1035 2889 necessaria
1058 2844 1198 2906 occupa-

82 2915 175 2979 tione
207 2915 389 2998 perfuncto
420 2934 520 2998 opem
550 2914 658 2978 ferret
688 2935 751 2978 nee
786 2915 823 2975 in
853 2917 953 2977 tanto
983 2912 1198 2976 necessitatis

84 3004 229 3066 articulo
258 3003 379 3066 castris
408 3002 474 3066 Dei
504 3023 540 3066 se
570 3003 800 3067 subtraheret.
848 3002 1036 3084 Indignum
1067 3001 1199 3064 scilicet

83 3111 143 3156 nec
167 3091 362 3155 racionibus
387 3092 456 3155 suis
481 3092 564 3154 satis
588 3093 772 3155 honestum
796 3091 870 3154 fore
890 3090 1134 3165 arbitrabatur,
1160 3092 1199 3150 ut

18 3181 394 3263 superegrinationem
433 3180 522 3242 hano
559 3179 735 3243 difficilem
774 3184 809 3243 et
844 3180 986 3242 arduam
1022 3178 1197 3252 ducereti,

83 3373 103 3417 ι)
116 3371 174 3412 dom.
188 3380 249 3411 exer.
264 3371 295 3411 2¹.
342 3371 365 3417 ir)
383 3369 553 3418 hiberniam,
567 3379 673 3417 superaer.
689 3369 833 3407 brittanniam
848 3369 867 3416 1,
883 3371 902 3405 st
916 3368 947 3404 ita
963 3364 1079 3408 1¹·b.9.⁸⁴b
1094 3365 1201 3416 (britann.

84 3422 184 3472 1⁸.t¹¹i·;
208 3423 271 3469 infra
285 3423 345 3465 itt,
360 3424 466 3463 brittann.
481 3421 564 3469 raab).
619 3421 639 3472 c)
660 3433 701 3464 am.
717 3425 747 3460 1⁸·
757 3420 776 3462 b.
840 3421 863 3468 (1)
884 3421 1041 3459 exuberans
1057 3417 1158 3466 Ibit-ir,
1178 3422 1201 3455 ut

84 3478 158 3526 Lamp.
172 3478 195 3514 ia
210 3476 332 3524 arempiam'
345 3477 357 3514 2
371 3476 482 3524 ambricae
495 3476 585 3516 mdaur.
652 3474 673 3525 e)
694 3475 803 3513 castitatis
817 3475 858 3515 dal.
876 3478 895 3512 ct
909 3484 1016 3521 ruperam,
1030 3472 1166 3522 virginitatis
1181 3473 1200 3520 1,

83 3531 143 3568 etsie
159 3528 289 3570 1¹·b.2¹·b.
343 3528 361 3578 i)
375 3529 498 3568 maritalem
513 3530 543 3570 2⁸.
604 3526 627 3577 g)
641 3529 833 3577 amplectebantur
847 3528 878 3569 2¹.
933 3527 1011 3575 biom.
1025 3525 1058 3568 fb.
1113 3522 1201 3573 i)adu1.

31 3584 204 3627 u-Iemina
217 3595 259 3623 om.
274 3584 304 3624 2¹.
372 3583 396 3630 k)
409 3581 524 3621 chunihilt
538 3579 596 3623 Μ).
663 3581 679 3630 i)
693 3583 750 3619 aaa
764 3579 823 3630 Μ,
838 3592 903 3630 quam
917 3590 987 3618 uocem
1003 3580 1080 3627 Lamp.
1095 3579 1117 3616 ia
1132 3588 1202 3616 easm-

79 3637 140 3685 piart
154 3638 167 3674 t
181 3637 360 3685 daemuepara.
401 3635 486 3686 m)cm.
500 3635 532 3675 2¹.
573 3634 597 3683 n)
611 3645 666 3684 opus
681 3646 747 3682 quam
762 3637 792 3675 ²¹.
834 3637 855 3682 o)
869 3633 996 3682 percrepuit
1006 3634 1036 3674 2⁸.
1074 3631 1202 3681 pigeatis

83 3688 236 3731 retusa-⁴³.
278 3689 302 3737 q)
316 3699 365 3727 cum
381 3686 536 3727 -ordinatus
550 3699 656 3737 ruperam.
672 3690 696 3736 1,·
715 3689 790 3726 &aaut
804 3688 835 3728 ad.
850 3688 934 3729 Laeca.
975 3686 995 3735 r)
1009 3686 1099 3726 limat.
1140 3684 1158 3732 si
1172 3685 1203 3722 cic

84 3742 209 3792 1⁸·b.2¹·b;
230 3743 252 3780 in
267 3744 278 3781 1
292 3743 383 3780 aetatum
398 3753 464 3780 manu
477 3753 532 3784 saec,
543 3741 592 3790 XV,
606 3752 661 3790 quaa
674 3752 781 3789 superscr,
795 3741 912 3782 abnueret.

85 3903 108 3968 1)
124 3902 250 3966 Berihqit
268 3901 302 3952 ab
322 3901 435 3953 Othlona
453 3916 473 3954 c.
487 3903 529 3955 25.
549 3899 858 3966 casamassancia.
920 3902 948 3965 2)
972 3897 1057 3949 Verba
1076 3897 1149 3960 (cum
1168 3925 1201 3933 -

43 3971 233 4038 acominatus)
256 3978 314 4040 post
332 3972 453 4039 suppleta
471 3988 536 4022 mam
554 3987 617 4022 vera
635 3973 697 4035 siat,
723 3970 798 4020 haud
816 3976 924 4022 coastat.
962 3968 996 4018 [a
1014 3969 1125 4034 epistola
1143 3968 1203 4032 qui-

83 4045 147 4106 dem,
172 4060 254 4110 quam
279 4043 376 4094 Latum
400 4059 459 4093 cum
484 4043 586 4093 dachas
609 4042 747 4105 fratribus
772 4042 808 4091 ad
833 4041 1015 4104 Cunebatraan
1041 4038 1202 4088 animasum

83 4115 151 4166 dedit
167 4116 253 4182 paulo
267 4121 410 4180 postquam
435 4116 465 4164 ia
485 4114 660 4164 Germaniam
684 4114 796 4163 transiit
820 4114 904 4175 (inter
923 4110 1014 4172 Bonis.
1034 4111 1135 4170 nali),
1154 4107 1201 4159 1.1.

81 4203 106 4252 p.
119 4188 172 4240 297
186 4187 248 4251 aa),
274 4185 377 4236 nuliam
402 4184 456 4236 ribi
481 4198 575 4236 montem
603 4184 744 4249 dianitaiie
771 4183 901 4233 amicalis
927 4179 1058 4244 assmibii,
1085 4181 1114 4229 ia
1140 4178 1203 4228 aliis

83 4273 125 4310 ar.
139 4259 253 4311 70-72.
273 4258 328 4307 iam
347 4256 475 4308 diaeonus
493 4256 601 4307 dicitur.
638 4254 752 4319 Reliqua
770 4255 888 4320 capitum
907 4254 931 4305 3.
951 4256 973 4301 et
991 4252 1017 4304 4.
1036 4251 1094 4313 fere
1112 4250 1203 4299 omnia

53 4341 115 4380 aaa
138 4343 214 4378 wa
238 4329 389 4378 coniectura
406 4328 515 4392 scripsit
533 4325 638 4391 Lamp,
664 4339 723 4375 cum
741 4323 815 4390 apud
834 4323 975 4376 Oibloaam
993 4320 1017 4386 I,
1036 4337 1057 4374 c.
1070 4323 1113 4374 25.
1132 4319 1206 4370 mihil

84 4399 176 4464 leporii
193 4400 250 4449 nisi
267 4397 379 4448 beilum
398 4414 415 4448 a
434 4396 461 4450 S.
476 4397 617 4459 Bonifatio
634 4398 665 4445 in
685 4396 860 4446 Germaniam
878 4395 990 4444 ascitum
1008 4407 1069 4447 asse.
