2842 5026
224 451 260 504 86
499 446 699 501 LAMPERTI
718 445 908 501 ANNALFAE.
944 448 980 500 A.
1001 448 1078 502 1063.

139 637 300 703 lodanae,
340 632 455 692 omnia
495 631 665 693 humanae
703 629 778 711 opis
816 629 1002 710 suffragia⁸
1045 632 1345 711 pertemptassent.

226 720 344 781 Abbas
374 719 433 781 diu
465 719 682 790 immoratus,
714 717 774 780 ubi
805 737 840 780 se
870 717 966 780 ridet
996 716 1083 779 nihil
1119 716 1346 800 supplicando

226 829 337 889 agere.
362 828 425 870 nec
449 807 580 888 copiam
607 807 672 869 sibi
696 827 768 869 esse
792 805 835 867 ad
860 805 1036 868 reddenda
1059 826 1147 886 quae
1167 805 1346 887 exigeban-

225 890 317 968 turl,
343 896 522 977 presertim
547 895 723 958 exhaustis
739 915 825 976 pene
843 894 977 957 cunctis
1000 893 1124 975 opibus
1148 894 1348 956 monasterii

226 1005 288 1047 nec
320 984 573 1047 sufficientibus
610 988 745 1046 tamen⁰
781 983 825 1044 ad
860 982 1125 1045 exsaturandam
1158 981 1369 1064 ingluviems

226 1072 394 1135 avariciae
410 1094 526 1135 eorum
552 1072 609 1152 qui
634 1072 669 1133 in
687 1069 897 1134 Goslariensi
914 1069 1068 1132 tumultu
1091 1069 1175 1134 laesi
1192 1070 1345 1134 fuerant:

225 1162 366 1223 tandem
402 1161 492 1241 regis
527 1154 696 1223 iussione‘¹
736 1158 922 1222 accersitus
956 1158 999 1220 ad
1036 1159 1180 1221 curtime
1218 1159 1346 1240 regiam

226 1249 464 1331 proficiscitur.
490 1248 572 1310 dato
596 1247 795 1311 necessariis
819 1247 889 1310 suis
913 1247 1065 1332 negocio,
1094 1251 1135 1309 ut
1158 1247 1348 1310 terroribus

226 1341 261 1400 et
286 1337 540 1401 blandimentis.
566 1357 702 1418 quaqua
718 1336 773 1397 via
795 1340 943 1418 possent,
968 1336 1132 1399 efferatae
1155 1335 1348 1399 iuventutis

226 1426 358 1487 animos
389 1418 623 1506 mitigarent‘.
671 1424 737 1487 Sed
769 1424 834 1487 hoc
865 1424 901 1486 in
924 1424 1060 1486 irritum
1085 1424 1198 1488 cessit.
1246 1424 1384 1487 Deni-ro

226 1534 292 1595 que
323 1518 400 1595 post
430 1514 648 1576 abscessumg
680 1513 753 1575 eius
784 1513 956 1594 principes
982 1512 1190 1586 iuventutis,
1223 1512 1349 1594 quibus

227 1602 440 1684 potissimum
466 1601 702 1664 incentoribus
725 1606 862 1663 tantum
883 1600 1011 1663 malum
1028 1605 1211 1676 exarserat,
1236 1605 1349 1664 totam

226 1683 376 1753 adeunth
397 1690 712 1771 congregacionem.
737 1689 894 1751 indicant
917 1689 1032 1752 animo
1048 1689 1113 1752 sibi
1137 1691 1243 1751 fixum
1264 1710 1347 1763 esse,

227 1785 264 1841 ut
290 1779 470 1860 eruptione
493 1779 588 1841 facta
605 1779 647 1841 de
663 1777 871 1840 monasterio
895 1798 1020 1859 regem,
1045 1777 1253 1860 ubicumque
1269 1799 1349 1860 gen·

227 1867 312 1929 tium
338 1866 539 1948 reperiatur,
564 1867 774 1949 perquirant.
800 1870 920 1929 contra
936 1867 1095 1930 seviciam
1113 1866 1249 1929 abbatis
1274 1867 1385 1929 eiusa

227 1949 419 2037 potentiae¹
452 1955 680 2037 patrocinium
706 1959 908 2036 exposcant:
940 1959 1118 2037 orantque,
1148 1958 1197 2019 ut,
1222 1955 1349 2037 quibus

226 2037 403 2107 valitudo*
439 2065 505 2105 non
537 2044 699 2115 obsistat,
732 2064 846 2107 secum
878 2043 1148 2126 proficiscantur,
1180 2044 1239 2126 qui
1266 2064 1349 2107 vero

226 2137 341 2195 aetate
365 2131 418 2194 vel
443 2132 562 2194 morbo
586 2136 812 2214 pregravante
835 2132 870 2194 id
895 2154 963 2196 non
988 2132 1130 2214 possint,
1155 2132 1275 2214 scripti
1295 2132 1350 2194 sui

226 2214 489 2302 astipulatione¹
514 2221 646 2282 factum
671 2241 787 2283 eorum
813 2221 1076 2283 corroborentm.
1115 2220 1183 2284 Res
1206 2222 1288 2284 feda
1313 2223 1350 2283 et·

226 2309 322 2371 dictu
354 2329 488 2390 quoque
518 2308 690 2371 horrenda
720 2310 792 2370 visa
822 2314 874 2371 est
904 2309 1112 2384 senioribus,
1143 2309 1280 2390 fusique
1312 2309 1386 2370 ina

226 2401 352 2461 terram
379 2418 438 2478 per
455 2396 566 2460 Deum
584 2397 823 2478 precabantur,
849 2418 892 2460 ne
916 2418 951 2460 se
975 2402 1011 2460 et
1034 2397 1146 2479 ipsum
1164 2396 1349 2460 Fuldensis

226 2486 298 2568 spei
330 2485 490 2567 exiguum
520 2486 611 2567 quod
640 2486 793 2548 restabat
824 2486 997 2567 perditum
1028 2486 1135 2560 irent,
1169 2486 1347 2548 turbatam

226 2574 377 2656 graviter
401 2572 611 2636 Goslariensi
637 2574 733 2636 clade
758 2595 828 2636 rem
855 2574 1070 2647 Fuldensem,
1097 2574 1124 2636 si
1148 2575 1213 2656 ipsi
1235 2595 1348 2636 mona-

227 2663 322 2725 sterii
362 2662 468 2724 limen
507 2685 545 2724 ea
587 2667 701 2724 mente
736 2663 993 2728 excessissentn.
1035 2684 1103 2724 non
1139 2663 1348 2725 turbandam

228 2752 344 2818 modo,
382 2752 440 2813 sed
476 2751 614 2812 omnino
651 2751 685 2811 in
722 2771 862 2832 preceps
897 2750 1034 2812 ituram.
1081 2750 1178 2812 Nihil
1210 2750 1263 2812 illi
1294 2751 1386 2812 hisa

227 2839 440 2901 sermonibus
472 2840 555 2901 moti
584 2873 625 2879 —
655 2839 719 2900 iam
753 2839 842 2900 enim
875 2839 1065 2920 pertinacia
1095 2840 1130 2901 in
1161 2840 1350 2903 amentiam

227 2932 330 3008 atque
355 2927 390 2988 in
415 2928 542 2990 rabiem
568 2949 603 2989 se
620 2931 790 2989 verterat⁰
813 2961 852 2967 —
871 2928 1004 2990 concite
1026 2949 1087 3009 per
1102 2929 1349 2991 monasterium

228 3016 436 3083 discurrunt,
461 3015 605 3078 invicem
632 3037 667 3078 se
691 3016 734 3077 ad
759 3015 977 3078 audendum¹¹
1006 3017 1141 3078 facinus
1165 3017 1350 3079 adhortan-

227 3109 294 3169 tur,
320 3110 354 3166 et
379 3105 426 3165 sic
451 3105 589 3166 tandem
615 3103 735 3166 adulta
752 3104 1006 3185 conspiratione
1030 3105 1177 3168 sedecim
1195 3125 1350 3179 numero,

228 3214 362 3255 crucem
395 3192 459 3254 sibi
492 3194 720 3274 preferentes,
757 3193 949 3274 antiphona
979 3193 1156 3275 imposita,
1189 3194 1351 3256 claustris
1362 3215 1389 3253 30

229 3281 426 3344 monasterii
451 3287 646 3362 erumpunt.
690 3281 930 3361 Sequebantur
953 3277 1023 3345 'eos
1047 3282 1180 3345 eminus
1204 3283 1351 3345 maiores
1363 3307 1416 3353 aar

228 3375 323 3437 natu,
349 3370 406 3451 qui
432 3390 550 3431 sanum
577 3369 706 3451 aliquid
732 3369 921 3452 sapiebant,
954 3392 1031 3433 cum
1056 3374 1155 3433 tanto
1180 3370 1277 3433 luctu
1303 3376 1350 3432 at·

228 3480 293 3540 qne
311 3458 452 3525 eiulatu,
478 3459 547 3520 acsi
572 3480 628 3520 eos
653 3459 695 3519 ad
721 3458 933 3539 sepulturam
958 3459 1113 3522 funebris
1130 3480 1256 3541 pompa
1272 3459 1351 3520 ulti·

228 3569 320 3608 mum
347 3545 442 3608 valel
468 3547 646 3608 audituros
671 3548 819 3609 efferret.
860 3547 983 3628 ltaque
1003 3549 1110 3611 nerei
1134 3551 1205 3609 tam
1224 3548 1352 3611 atrocis

229 3635 363 3697 novitas
387 3639 528 3715 repente
553 3635 715 3696 nunciata
740 3636 812 3714 regi
838 3640 1011 3716 stuporem
1036 3636 1217 3704 incuteret,
1244 3658 1391 3698 nnuma

229 3744 268 3786 ex
294 3743 436 3784 numero
461 3743 522 3783 suo
547 3723 653 3783 citato
671 3728 836 3802 quantum
862 3727 998 3805 poterat
1022 3745 1109 3806 equo
1130 3725 1351 3807 premittunt,

229 3811 286 3892 qui
313 3811 447 3872 litteras
463 3810 506 3870 ad
524 3830 638 3888 regem
661 3814 779 3871 truitae
797 3811 1003 3875 calamitatis
1026 3813 1156 3876 indices
1174 3814 1347 3895 perferat‘¹

229 3992 251 4030 s)
267 3981 375 4028 suffragia
391 3982 435 4020 Al.
501 3981 522 4017 bl
538 3979 669 4027 exigebatur
686 3981 703 4017 a
713 3981 740 4020 1⁸.
749 3984 766 4021 2².
838 3996 857 4025 c)
872 3986 901 4019 sic
916 3996 987 4022 amara
1001 3988 1034 4034 (tn
1049 3986 1068 4023 B
1078 3985 1103 4028 1¹¹,
1120 3987 1177 4034 quod
1189 3997 1234 4033 pro
1250 3991 1280 4024 tm
1296 3989 1352 4032 [tan-

229 4041 283 4073 tmnr
299 4037 400 4081 «criptum
416 4035 592 4079 [adnarrant-ere
607 4046 647 4069 ‚aaa
662 4038 748 4080 opta-rer,
797 4034 820 4080 dj1
836 4037 921 4075 uis-ione
937 4041 981 4079 ΑΙ,
1029 4044 1149 4087 ejcnrtem
1164 4040 1208 4080 ΒΞ.
1261 4039 1353 4085 ninitl·

229 4087 356 4134 gare-all».
398 4087 548 4132 palaeorum
561 4087 603 4126 111.
642 4088 809 4128 hadeulw.
852 4090 1390 4142 i11»oterr‹=inanl.h',;potentianretllt.td

230 4143 253 4188 hy
268 4138 374 4178 ualetudo
391 4143 406 4177 Α
417 4141 432 4180 l.
444 4140 497 4180 111⁸.
505 4144 523 4179 ι’,
566 4141 580 4176 1·
595 4141 671 4187 antip,
687 4141 728 4180 Bz’,
776 4154 804 4183 in.
819 4144 990 4182 corroborarent
1004 4145 1072 4186 Bm.
1119 4153 1141 4192 a)
1156 4147 1295 4184 excesserint
1311 4145 1353 4186 13⁴2.

230 4200 251 4234 o)
267 4200 381 4231 verterant
396 4195 414 4229 Α
427 4197 442 4232 1.
498 4205 519 4240 pr
535 4191 668 4230 mult-ndum
685 4192 744 4235 alb,
799 4207 821 4242 q)
836 4197 947 4242 perterret
961 4208 1019 4238 corr,
1034 4200 1134 4246 perferat
1149 4199 1193 4240 aa

233 4337 256 4399 1)
280 4334 363 4454 thal,t
378 4333 438 4386 Met.
464 4335 499 4397 X,
521 4335 571 4386 6⁴2:
600 4333 816 4401 Supremumque
837 4337 904 4403 vale,
931 4337 1003 4404 quod
1031 4339 1084 4390 iam
1103 4339 1148 4391 vix
1171 4340 1283 4391 auribus
1310 4340 1354 4392 ille

230 4420 370 4471 accipere.
