2842 5026
102 445 156 499 262
376 436 788 495 murmurantes.
824 440 860 495 Δ.
880 442 962 495 lota.

17 624 95 679 1070·
105 623 202 707 genti
226 642 307 686 suae
330 622 479 707 patriam
509 622 777 705 libertatemque
806 621 911 685 armis
939 638 1159 704 recuperare
1189 638 1242 680 cu·

21 694 97 745 (Μ’)
106 712 216 795 pienti
248 711 377 775 auxilio
407 714 601 775 concurrat.
654 710 844 783 Postremo,
879 708 908 773 si
939 707 1113 774 monitis·
1149 705 1241 769 ultro

106 822 175 863 non
206 800 424 874 assentiatur,
456 820 505 863 se·
522 797 751 882 proculdubio
774 797 844 861 vim
870 797 1101 861 adhibituros
1126 798 1162 859 et
1186 816 1240 878 pa·

105 889 193 953 triae
217 887 438 970 proditorem,
463 887 696 952 communium
720 890 911 951 castrorum
935 887 1167 961 desertorem,
1199 890 1237 946 ut

107 977 232 1059 dignus
256 976 310 1045 sit,
336 975 461 1040 eversis
484 975 645 1040 omnibus
668 994 756 1058 quae
779 974 854 1040 eius
876 975 957 1052 siut,
983 972 1112 1058 procul
1136 972 1256 1036 Saxo-s

107 1065 165 1127 nia
188 1062 399 1147 expulsuros.
446 1063 502 1127 Ad
527 1065 612 1128 haec
634 1062 696 1127 ille
718 1062 844 1127 obnixe
867 1082 926 1127 eos
950 1082 1014 1146 per
1037 1060 1157 1126 Deum
1180 1061 1234 1125 ob·

106 1145 336 1221 testabaturb,
368 1156 408 1215 ut
437 1151 561 1216 misius
590 1151 818 1235 pacaciusqus
848 1154 1011 1235 agerent3
1048 1170 1141 1233 quae
1174 1171 1233 1234 pro

107 1241 281 1305 communi
305 1236 497 1304 'commodo
527 1239 717 1304 moliantur
742 1239 880 1304 racione
904 1259 1008 1322 quam
1032 1238 1230 1304 temeritate
1238 1264 1266 1313 a.

107 1329 230 1393 melius
254 1329 455 1412 procedere;
484 1348 520 1393 se
548 1329 706 1411 protinus
729 1328 912 1391 missurum
936 1332 973 1392 et
996 1327 1074 1411 regi
1097 1328 1224 1392 modise

108 1418 267 1481 omnibus
305 1437 500 1493 suasurum,
541 1420 580 1479 ut
619 1416 791 1499 principes
837 1415 1015 1481 deditione
1063 1416 1254 1495 absolvatis

108 1504 266 1583 castella,
306 1526 393 1587 quae
432 1509 527 1569 metu
567 1502 765 1569 rebellionis
799 1504 967 1588 pristinae
1001 1500 1220 1577 extruxeritl,

109 1594 234 1670 diruat,
258 1594 355 1678 genti
383 1593 556 1657 Saxonum
587 1593 794 1669 libertatem,
826 1591 920 1676 leges
950 1613 991 1657 ac
1021 1592 1101 1657 iura
1129 1594 1220 1658 maio

108 1703 198 1757 rum,
230 1702 317 1764 quae
347 1702 409 1765 per
438 1681 507 1745 vim
542 1684 662 1765 erepta
695 1680 825 1746 totiens
858 1681 964 1745 armis
992 1681 1214 1765 repetiverint,

109 1771 281 1834 restituat.
321 1769 358 1833 Si
374 1770 518 1834 consilio
542 1770 777 1853 adquiescat0,
801 1770 916 1853 gravis
938 1772 1046 1853 atque
1069 1771 1213 1855 ancipitis

110 1858 194 1922 belli
216 1858 421 1923 necessitate
445 1859 519 1923 sine
542 1857 710 1941 sanguine
733 1856 916 1923 liberatam
935 1877 1010 1922 esse
1027 1858 1232 1943 Saxonicum

109 1947 163 2010 sin
197 1949 328 2023 autem,
366 1967 401 2011 se
436 1967 499 2011 nec
529 1946 659 2010 indulti
694 1946 834 2011 honoris
864 1966 980 2011 amore
1010 1966 1075 2011 nec
1109 1953 1205 2017 mortis

109 2038 204 2099 metu
235 2056 297 2099 nec
321 2035 544 2099 iurisiurandi
567 2034 734 2118 religione
757 2034 907 2099 inhiberi
934 2054 1045 2119 posse,
1076 2055 1118 2100 ne
1139 2058 1202 2105 con·

109 2144 247 2187 munem
278 2123 411 2206 patriae
440 2126 691 2207 parentumque
721 2143 860 2187 suorum
891 2143 1032 2187 cauam
1054 2133 1199 2207 usquead

110 2216 301 2276 extremum
325 2212 484 2295 spiritum
501 2215 632 2295 quanta
650 2211 759 2295 possit
774 2211 904 2275 virtute
920 2211 1098 2288 defendat,
1119 2213 1198 2298 iuret,

109 2303 259 2364 tueatur.
307 2300 350 2362 In
380 2302 466 2365 haec
489 2301 594 2365 verba
623 2300 756 2383 legatos
787 2298 961 2364 Saxonum
992 2300 1128 2375 dimisit,
1152 2310 1220 2375 sta„

109 2388 240 2471 timque
271 2409 350 2452 suos
380 2389 425 2451 ad
454 2408 580 2472 regem,
612 2389 702 2453 sicut
725 2387 903 2471 pollicitus
924 2388 1053 2467 iuerat,
1083 2391 1197 2460 destim

109 2477 169 2547 vit,
201 2477 350 2559 presidio
381 2497 516 2560 quoque
547 2477 590 2541 ab
624 2480 769 2560 utroque
799 2480 926 2550 monte,
959 2498 1061 2561 quem
1087 2498 1196 2566 occupa·

110 2569 214 2628 verat.
247 2565 407 2641 abduct0,
439 2586 653 2629 communem
679 2566 841 2648 deinceps
867 2586 944 2628 cum
970 2565 1149 2632 Senonibus
1165 2573 1195 2634 ad

110 2654 269 2717 socialem
295 2655 400 2716 vitam
427 2655 562 2736 agebat.

216 2742 288 2805 Rex
306 2743 347 2806 de
364 2743 521 2824 hisquae
545 2743 742 2807 acciderant
767 2743 803 2804 iu
819 2742 968 2806 Saxonis
987 2744 1083 2825 gravi
1101 2749 1218 2809 mancias

110 2835 261 2912 accepto.
288 2834 463 2913 comperto
487 2832 601 2897 etita-nr.
630 2832 721 2913 quod
746 2832 873 2894 caeteri
897 2832 1070 2914 principes
1093 2832 1196 2896 collutis

111 2941 170 3001 per
194 2919 313 2982 crebra
338 2919 579 2982 conventicula
603 2920 754 2982 consiliis
771 2920 1002 2984 detectionem
1028 2922 1196 2985 meditaren-

108 3011 175 3073 tur,
201 3008 281 3071 hinc
306 3009 366 3074 ira.
391 3009 471 3070 hinc
496 3008 730 3071 sollicitudine
753 3008 789 3071 in
806 3008 940 3072 diversa
956 3003 1140 3091 raptatuss,
1159 3012 1198 3073 cui

109 3096 255 3178 primam
288 3097 407 3159 morbo
431 3097 636 3171 mederetur,
669 3096 789 3159 anxius
814 3097 1024 3179 ambigebat.
1072 3097 1133 3161 Sed
1151 3119 1199 3180 qno

109 3185 159 3246 ira
182 3185 385 3266 impellebat
409 3185 616 3257 inclinatior,
642 3186 708 3247 aas
729 3186 998 3267 oppugnandam
1022 3186 1224 3250 Metteusema

109 3274 228 3336 urbem
263 3274 451 3337 exercitum
487 3275 668 3337 admovere
707 3274 883 3353 cogitabat
919 3278 954 3336 et
989 3274 1033 3337 ab
1069 3276 1201 3358 episcopo

108 3361 175 3424 loci
188 3362 207 3433 ¹,
240 3363 331 3444 (prod
363 3362 511 3426 creditos
542 3363 719 3426 custodiae
750 3383 831 3425 suae
860 3362 1033 3445 principes
1057 3384 1091 3427 se
1114 3364 1203 3427 incon-

108 3450 200 3512 sulto
232 3451 429 3523 dimisisset,
459 3451 648 3513 vindictam
679 3453 849 3534 expetere.
897 3450 964 3514 Sed
988 3456 1109 3514 contra
1130 3472 1205 3536 repa·

108 3542 186 3599 tans
210 3540 351 3601 turbata
374 3562 410 3603 re
435 3538 583 3622 publica,
610 3539 715 3602 dubia
739 3540 805 3603 tide
830 3539 1035 3622 principum,
1061 3540 1207 3603 exhausto

109 3627 341 3707 superioribus
373 3629 472 3691 bellis
503 3628 623 3701 milite,
656 3632 828 3692 extremae
860 3628 1055 3692 dementiae
1084 3648 1152 3692 esse
1172 3650 1235 3691 arc

109 3714 215 3776 druna
240 3716 370 3797 aliquid
395 3717 643 3799 precipit-anter
672 3720 890 3799 attemptare,
922 3717 1092 3799 impetam
1122 3717 1211 3780 aniani

108 3803 151 3865 ab
176 3805 371 3868 temeritate
395 3807 437 3867 ad
463 3798 662 3887 pacaciora¹¹
691 3805 835 3869 coasilia
862 3806 1036 3869 revocavit
1047 3808 1069 3866 i.

108 3994 283 4039 manuari-Be.
334 3994 569 4041 lanbrcntatarltlb.
612 3993 865 4037 clourn.ruodlscorr.
882 3996 1010 4035 nanae.
1057 3996 1217 4039 thermali&

108 4046 309 4086 extraxeratllll’.
356 4052 436 4095 e)a‹·q.
448 4049 506 4087 131³.
552 4048 754 4098 orapaasrev.
803 4048 974 4096 gratiaram.
1024 4048 1220 4098 annectarablt.

110 4189 134 4243 1)
153 4189 325 4241 lla-imaum.
356 4190 398 4249 (Ὺ.
419 4205 502 4254 samu
520 4208 547 4253 p.
561 4193 622 4243 258.
687 4194 714 4245 2)
732 4191 827 4257 lamp,
847 4190 911 4241 haec
929 4190 1000 4241 altalo
1017 4191 1112 4241 ordine
1129 4198 1152 4242 ct
1168 4204 1248 4258 per-a

108 4274 177 4307 aaran
196 4275 324 4309 enarrasse
344 4261 454 4312 aldclid.
492 4260 537 4310 Er
550 4261 689 4312 Bruaonr's
706 4277 726 4314 c.
740 4264 783 4316 85.
802 4263 881 4313 elucet
896 4260 982 4327 praedo
1000 4267 1062 4312 arcte
1079 4269 1223 4313 cmsrmtam

109 4328 291 4389 aloflona'amn
304 4329 378 4393 (Iaera.
392 4334 440 4392 29)
461 4346 545 4394 repam
558 4334 694 4382 Senonum
716 4347 809 4383 isonam
823 4333 985 4384 rebellionem
999 4334 1163 4399 corrrpmese.
1193 4333 1223 4385 El

107 4407 244 4451 carucatas
259 4400 468 4465 ll'ormolr'ensr's,
487 4406 517 4450 at
531 4400 666 4456 Bmhoal.
682 4405 767 4465 (ΑΜ.
781 4405 809 4457 S.
823 4403 926 4463 Blasii)
942 4422 970 4471 p.
984 4405 1045 4458 284.
1065 4410 1166 4455 mertui
1183 4406 1225 4468 (cf.

2 4646 141 4732 Α
