2842 5026
114 450 170 507 wll
389 442 593 501 namnam
608 438 799 501 annuam
833 442 872 499 Δ.
890 444 978 501 lim.

28 630 108 685 ron.
118 628 333 713 penitentiae
354 627 436 711 igne
460 626 557 692 exuri
578 628 616 690 et
637 623 783 709 excoqui
804 628 980 709 oportere.
1016 621 1240 707 Quapropter,

35 698 109 749 (Μ
137 718 145 732 ·

118 738 148 781 si
182 738 241 782 eos
270 735 391 781 revera
423 716 511 780 iacti
540 714 727 799 peniteret,
757 734 846 798 equo
875 713 997 779 animo
1033 713 1239 797 paterentur,

117 806 360 889 quodcumque
383 802 546 868 mnandis
568 800 770 868 vulneribus
792 822 911 868 eorum
929 800 1126 867 adhiberet
1146 800 1240 867 eccle

118 894 279 959 siasticae
309 891 536 976 correptionis
565 890 769 968 cauterium,
798 911 843 957 ne
869 910 912 957 ex
934 888 1119 955 facilitate
1139 888 1239 955 indul·

118 982 259 1065 gantiae
288 980 401 1065 culpa,
431 1000 520 1064 quae
549 979 714 1044 adversm
742 978 859 1045 sedem
888 977 1125 1065 apostolicam
1149 982 1252 1045 atron

119 1073 157 1135 et
172 1071 357 1135 vehemens
379 1070 580 1152 presumpta
602 1068 736 1145 inisset,
760 1067 815 1133 rel
838 1088 947 1153 parra
969 1066 1028 1133 rel
1043 1065 1145 1131 nulla
1158 1067 1236 1135 ride

119 1162 226 1223 retur.
273 1157 351 1221 Illis
373 1159 514 1241 paratos
536 1176 573 1221 se
596 1156 841 1240 profitentibus
863 1157 910 1222 ad
931 1156 1056 1223 omnia
1078 1176 1165 1239 qnae
1184 1156 1234 1221 im·

120 1246 291 1331 posuisset
320 1245 528 1323 sufferenda,
559 1244 737 1329 episcopos
766 1264 885 1311 ornnes
913 1264 933 1309 a
965 1264 1004 1311 se
1026 1244 1174 1311 invicem
1194 1266 1234 1311 se

119 1338 259 1419 paratos
293 1334 449 1417 precepit
483 1333 630 1417 singulis
663 1332 761 1399 cellis
794 1332 968 1399 solitarios
1001 1332 1147 1411 includi,
1178 1354 1233 1401 nec

120 1421 232 1486 ullum
257 1443 335 1487 cum
351 1421 468 1506 aliquo
484 1421 612 1487 habere
628 1420 849 1505 colloquium,
871 1422 918 1487 ad
931 1440 1113 1507 vesperam
1128 1426 1257 1489 armna

122 1510 191 1575 cibi
214 1514 251 1576 et
273 1515 378 1595 potus
396 1510 562 1576 mediocri
581 1530 743 1575 mensura
756 1510 862 1575 refici.
899 1508 1016 1575 Laicis
1030 1530 1166 1595 qnoque
1179 1532 1230 1597 pro

122 1599 248 1663 aetatis
279 1603 335 1664 et·
362 1599 486 1663 virium
517 1598 794 1665 consideratione
822 1600 1075 1683 congruentem
1100 1600 1230 1683 singula

121 1687 350 1771 penitentiam
384 1687 522 1751 indixit.
568 1686 628 1751 Ita
660 1707 723 1772 per
755 1686 889 1771 aliquot
922 1687 998 1753 dies
1032 1688 1229 1755 muricatos

120 1776 264 1840 tandem
286 1776 332 1840 ad
355 1775 547 1841 sevocavit
570 1778 607 1841 et
630 1775 757 1841 leniter
777 1796 840 1860 pro
862 1774 1023 1841 admissis
1044 1775 1229 1861 obiurgator

122 1866 168 1939 et,
199 1884 243 1928 ne
273 1864 436 1948 deinceps
465 1862 579 1929 simile
607 1864 692 1948 quid
721 1862 958 1942 admitterent,
993 1860 1269 1933 commonitoria·

123 1952 478 2017 excommunicatione
495 1952 654 2029 absclrit,
678 1952 955 2037 abeuntibusque
977 1952 1015 2018 id
1030 1956 1113 2019 ants
1129 1956 1226 2020 omnis

122 2044 283 2123 repetens
305 2041 433 2107 iterum
456 2041 671 2124 iterumque⁰
691 2041 856 2125 precepit,
880 2062 925 2107 ne
945 2034 1045 2127 regi¹¹
1070 2040 1223 2121 Heinrica

123 2129 233 2193 donec
263 2129 357 2194 sedi⁰
385 2129 596 2214 apostolicae
623 2132 703 2213 post
724 2128 856 2195 factam
878 2128 1043 2195 iniuriam
1065 2130 1223 2197 afficti*

124 2220 187 2291 set,
218 2216 438 2300 aliquatenus
468 2218 764 2283 communicarent
793 2222 856 2282 aut
884 2217 918 2283 ei
946 2218 993 2283 ad
1022 2218 1221 2285 evertendum

124 2308 255 2368 statum
278 2306 329 2371 rei
352 2306 512 2390 publicae
534 2305 813 2390 turbandamque
835 2326 955 2391 pacem
978 2306 1244 2375 ecclesiasticen·

124 2393 161 2456 in
185 2392 301 2477 aliquo
324 2414 465 2478 operam
487 2415 585 2459 suam
608 2388 949 2473 accommodarent¹3
972 2396 1108 2461 adhoc
1127 2400 1220 2463 tamer

125 2482 285 2546 omnibus
307 2482 548 2548 indifferenter
562 2483 636 2547 eius
652 2483 817 2566 permisso
833 2482 1016 2567 colloquio,
1039 2488 1082 2569 ut
1095 2484 1137 2549 ed
1151 2484 1219 2569 peni·

4 2603 34 2635 er.
68 2620 75 2641 ‚
97 2593 116 2634 r.
125 2571 271 2634 tentiam
288 2574 534 2655 provocaretur
556 2574 591 2635 et
607 2592 628 2634 a
643 2592 745 2635 cursu
769 2572 852 2636 mali
868 2572 990 2656 operis,
1015 2594 1084 2656 quo
1106 2594 1219 2658 preceps

2 4626 99 4742 ἱ

126 2661 201 2742 rapi
224 2660 416 2736 ridebatur,
441 2661 686 2724 retraheretur.

234 2748 373 2812 Iuteree
407 2769 466 2812 rex
497 2748 684 2812 Heinricus
714 2749 922 2813 Mathildam
958 2750 1161 2814 comitissam
1188 2750 1242 2815 ada

127 2835 336 2917 colloquium
360 2837 517 2899 evocavit
540 2857 683 2918 eamque
707 2837 867 2919 precibus
896 2859 936 2902 ae
965 2839 1219 2922 promissionibus

126 2928 302 2987 oneratam
332 2926 376 2987 ad
400 2946 525 3007 papam
550 2925 742 2989 transmisit
765 2929 801 2990 et
824 2947 902 2990 cum
926 2947 969 2991 ea
990 2948 1126 2991 socrum
1146 2948 1221 2990 suan

126 3013 304 3094 filiumque
328 3013 411 3089 eius,
437 3014 606 3076 Aaronem
631 3014 736 3077 etiam
760 3015 1017 3080 marchionem¹
1033 3019 1070 3080 et
1086 3015 1224 3080 abbatem

127 3101 409 3165 Oleniae-ensem?
432 3106 468 3165 et
491 3101 577 3164 alios
601 3101 788 3166 nonnullos
811 3123 852 3167 ex
877 3104 997 3187 primis
1014 3104 1138 3168 Italiae
1155 3104 1226 3187 prin·

126 3190 269 3272 cipibus,
295 3211 439 3271 quorum
464 3190 709 3254 auctoritatem
733 3192 850 3274 magni
869 3193 962 3275 apud
979 3212 1057 3256 eum
1082 3189 1266 3256 momentis

127 3298 199 3341 esse
234 3300 303 3342 non
338 3279 551 3361 ambigebat,
588 3279 784 3353 obsecrans,
821 3283 861 3342 ut
894 3281 1248 3345 excommunicatione

127 3366 372 3439 absolveretur,
404 3388 467 3430 nec
499 3367 714 3450 principibus
736 3368 969 3445 Teutonicisss,
1002 3369 1062 3453 qui
1084 3370 1129 3433 ad
1151 3386 1258 3432 accu‘

127 3455 272 3517 eandum
297 3477 375 3519 eum
400 3456 541 3518 stimulo
565 3456 715 3519 invidiae
740 3456 849 3540 magis
868 3478 970 3539 quam
994 3458 1068 3522 zelo
1091 3458 1272 3521 iusticia&

128 3544 342 3615 exarsissent,
368 3548 496 3608 temere
521 3545 606 3607 fides
630 3544 828 3608 haberetur.
867 3544 1023 3624 Quorum
1047 3567 1137 3630 papa
1159 3546 1282 3629 legw‘

126 3629 222 3692 tione
258 3632 378 3695 audita
413 3633 462 3695 ait
497 3633 725 3715 incongruum
756 3632 857 3697 valde
892 3654 965 3699 esse
1000 3637 1036 3699 et
1070 3634 1115 3698 ab
1144 3634 1286 3699 eccle'

128 3717 275 3781 siasticis
299 3719 433 3802 legibus
457 3721 597 3783 omnino
621 3721 787 3796 alienum,
819 3724 860 3784 ut
889 3722 1092 3788 absentibus
1115 3743 1264 3787 accusez

128 3806 262 3869 toribus
278 3828 381 3871 causa
400 3809 552 3872 accusati
568 3802 830 3887 ventilareturh;
856 3810 941 3893 quin
963 3811 1078 3888 immo,
1103 3811 1133 3875 si
1155 3812 1241 3875 inno

128 3895 263 3958 centias
287 3915 368 3960 suae
392 3898 594 3973 confideret,
619 3898 714 3961 omni
736 3898 871 3962 timoris
894 3899 1059 3983 scrupulo
1081 3899 1286 3964 liberatuss

127 4064 150 4115 a)
164 4066 200 4105 vel
214 4069 261 4109 Al.
313 4066 521 4118 b)communieator
535 4068 608 4111 Bm.
663 4069 863 4119 cummanum
876 4069 936 4113 arb.
977 4068 1132 4123 dlregsdl.
1173 4072 1262 4120 meib:

128 4118 199 4162 Bm.
255 4120 398 4169 oaceomod.
412 4123 458 4165 Al.
511 4126 534 4171 ς)
548 4123 658 4166 'rhemon
671 4123 718 4166 Μ.
772 4122 798 4173 b)
811 4123 959 4164 nentllarr‘stur
972 4125 1020 4168 Al.

129 4259 155 4322 l)
174 4260 318 4314 Esterrsem.
381 4265 409 4327 2)
428 4262 576 4329 Huyoncm,
596 4266 645 4330 qui
661 4264 822 4316 Heinricum
839 4281 925 4331 repam
943 4266 976 4317 de
993 4282 1071 4319 sacro
1088 4267 1164 4331 fonte
1182 4266 1286 4319 lero*

128 4338 209 4382 reret
248 4332 290 4395 Cf.
310 4333 447 4387 ΒανιΙιοΙά.
466 4335 551 4399 (Aac.
571 4336 598 4388 S.
618 4335 722 4397 Blasii)
735 4352 766 4402 p.
783 4338 853 4398 289‚·
874 4336 1037 4407 Doar'aqll,
1052 4340 1077 4404 1,
1095 4354 1119 4393 o.
1139 4338 1286 4405 Θθηᾳμ

128 4396 177 4452 SS.
190 4401 259 4465 XII,
273 4418 304 4469 p.
317 4404 387 4465 381,·
405 4405 519 4470 Amult'.
537 4405 644 4462 Medae.
669 4407 737 4474 158,
757 4406 806 4462 SS.
821 4406 899 4473 VIII,
912 4423 944 4475 p.
956 4410 1001 4464 30.
