2842 5026
43 463 99 521 Mt
319 460 522 519 musal
538 458 730 519 suum
764 461 803 519 Α.
820 462 901 521 loru

43 667 189 712 numero
217 645 414 711 inimiciciis
436 643 629 711 dissidebat
650 647 688 710 et
709 664 790 711 eum
816 642 998 711 acerrimis
1021 642 1179 729 increpa·

43 734 199 801 tionibus
221 734 429 819 0biurgabat
450 736 594 820 propter
615 732 738 813 mulia,
764 753 855 819 quae
876 736 1021 819 preter·
1048 750 1178 815 equum

45 827 82 889 ct
112 824 241 889 bonnm
268 823 342 889 eius
371 823 467 888 iussu
497 822 553 887 vel
582 821 752 907 permissu
779 814 977 907 quottidieb
1012 820 1177 887 admitte

46 912 175 978 bantur
207 912 245 976 in
278 932 316 977 re
349 910 500 996 publica.
546 909 648 977 Unde
676 930 737 977 rex
765 910 972 997 plerumque
1003 906 1174 977 efferatus

45 1000 162 1065 omnia
183 1019 271 1084 quae
300 999 396 1064 illius
422 1003 522 1066 erant
550 998 647 1065 ferro
675 1003 713 1065 et
740 1000 823 1085 igne
852 998 1110 1067 demoliturum
1137 1018 1195 1065 ses

45 1088 323 1155 comminabatur
331 1088 352 1166 ¹,
377 1087 580 1173 plerumque
602 1090 722 1155 autem
736 1086 882 1174 supplex
903 1087 939 1155 ei
959 1088 1085 1155 iactus
1106 1108 1173 1153 am·

44 1177 209 1263 plissimis
238 1177 522 1262 promissionibus
549 1176 680 1241 iratum
702 1174 924 1243 demulcebat
946 1180 985 1243 et
1011 1180 1090 1243 sam
1118 1178 1171 1243 sui

44 1285 149 1350 quam
177 1266 291 1331 tocius
324 1266 424 1350 regni
454 1266 510 1331 ius
544 1268 822 1351 potestatemque
851 1265 886 1331 ei
918 1284 957 1333 se
990 1264 1169 1331 aetum

45 1353 285 1440 pollicebatur,
316 1355 346 1419 si
375 1354 478 1420 modo
501 1354 712 1421 idumeum
739 1353 807 1420 sibi
832 1374 898 1421 nec
920 1353 1012 1421 adeo
1035 1355 1168 1421 cunctis

45 1442 285 1509 voluntatibus
314 1444 385 1508 suis
412 1442 595 1509 adversum
617 1442 842 1528 experiretur.
886 1441 965 1508 Ad·
994 1442 1084 1509 baec
1108 1442 1195 1513 illes

44 1532 82 1596 in
105 1532 240 1597 cunctis
268 1532 400 1610 aiebat,
431 1551 519 1616 quae
545 1534 641 1598 recte
668 1534 706 1597 ct
733 1530 833 1597 iuxta
858 1532 992 1617 regiam
1016 1533 1167 1619 magnili-

45 1621 195 1687 centiam
218 1623 412 1699 conaretur,
442 1640 611 1704 nusquam
639 1620 673 1687 ei
699 1620 900 1687 defuturam
922 1640 1000 1687 esse
1029 1640 1166 1707 operam

44 1729 153 1774 suam.
196 1709 233 1773 Si
256 1704 360 1793 quid‘¹
387 1729 468 1775 vero
490 1728 672 1795 perperam
693 1712 731 1775 et
752 1712 876 1775 contra
896 1708 994 1795 leges
1015 1730 1058 1775 ac
1081 1710 1177 1781 scita

45 1798 224 1875 maiorum,
254 1818 402 1883 nequam
430 1798 610 1863 hominum
639 1796 921 1883 suggestionibus
947 1798 1183 1885 depravatus,

44 1906 147 1971 agere
177 1886 298 1965 vellet,
333 1890 375 1952 ut
404 1887 459 1951 his
489 1906 693 1953 consensum
726 1886 1041 1973 auctoritatemque
1070 1908 1225 1977 πως.

45 1976 354 2053 accommodaret⁰‚
390 1975 489 2041 nullo
516 1967 574 2041 se‘
607 1974 686 2041 rel⁸
717 1975 834 2061 precio
862 1974 988 2041 redimi
1017 1976 1074 2042 vel
1103 1980 1225 2063 ιαμ

44 2084 121 2129 rore
144 2063 306 2149 compelli
328 2083 438 2150 posse.
473 2064 520 2129 Et
542 2084 635 2129 nunc
656 2064 797 2148 quidem
818 2064 856 2129 iu
878 2084 1051 2130 summam
1070 2064 1225 2155 {Q

44 2152 233 2219 liaritntem
257 2156 294 2219 et
316 2174 404 2239 pene
432 2153 470 2217 in
498 2153 598 2237 regni
620 2152 831 2219 consortium
861 2173 884 2219 a
909 2172 993 2239 rege
1020 2174 1225 2245 assum-fl

45 2240 157 2319 batur,
181 2263 275 2307 nunc
297 2263 388 2319 vero,
413 2234 597 2326 quoniamh
623 2261 774 2326 eaquae
795 2241 833 2306 iu
855 2261 963 2327 reguo

44 2331 255 2415 gerebantur
269 2331 493 2397 vehementer
507 2331 742 2398 detestaretur
756 2334 793 2397 et
807 2330 973 2397 acerrime
988 2330 1064 2417 imp

43 2422 107 2497 ret,
132 2441 211 2485 cnm
227 2419 440 2486 contumelia
456 2420 500 2486 de
523 2419 658 2504 palacio
681 2410 906 2498 eiciebatur¹‚
929 2423 967 2485 et
990 2419 1037 2485 ad
1060 2420 1225 2508 “fix-u

44 2509 220 2592 guendum
250 2508 390 2575 omnino
420 2528 546 2574 nomen
575 2508 649 2574 eius
678 2511 792 2573 totum
821 2507 921 2592 regni
953 2508 1063 2575 robur
1091 2530 1225 2597 ch„

45 2597 250 2661 citabatur².
296 2597 362 2661 His
384 2596 682 2662 vicissitudinibus
712 2597 911 2681 perplures
935 2618 1046 2663 annos
1070 2599 1224 2682 eiuqs

44 2687 257 2751 concertatio
280 2708 358 2750 cum
382 2706 462 2770 rege
485 2685 701 2750 trahebatur.
743 2686 864 2769 Neque
887 2687 981 2751 enim
1005 2686 1215 2778 laminae

44 2775 134 2858 regis
157 2775 211 2839 vel
241 2776 334 2840 racio
357 2776 497 2839 modum
521 2775 674 2839 iaciebat
697 2774 751 2839 vel
781 2775 907 2840 aetatis
930 2796 1090 2840 accessus
1111 2798 1225 2877 vel·

43 2864 145 2928 amici
169 2864 371 2947 cuiusquam
401 2864 608 2947 obiurgatio,
640 2863 700 2927 sed
724 2857 917 2947 quottidiel
945 2884 981 2929 se
1012 2866 1089 2949 ipso
1111 2872 1191 2946 dp

42 2953 149 3017 terior
170 2954 397 3029 efficiebatur,
423 2957 458 3018 et
476 2953 588 3036 ruptis
608 2951 767 3017 omnibus
783 2953 937 3030 humani,
961 2947 1024 3018 ne¹
1054 2954 1178 3036 dicam

43 3042 233 3118 christiani,
259 3043 400 3125 pudoris
423 3042 540 3117 irenis,
569 3041 606 3105 in
629 3062 730 3106 omne
753 3041 846 3124 quod
869 3041 1006 3106 animus
1030 3062 1167 3127 sugges

43 3130 143 3195 sisset
166 3131 341 3214 flagicium
365 3131 629 3216 precipitantior
650 3129 811 3208 ruebat³;
843 3134 879 3194 et
901 3132 1075 3215 oppressis
1096 3132 1157 3207 iam

42 3222 173 3284 terrore
197 3220 419 3304 principibus,
444 3217 562 3283 nullus
586 3221 670 3295 erat,
695 3219 755 3302 qui
778 3222 979 3303 peccantem
997 3224 1033 3285 et
1049 3220 1179 3306 (lirina⁸⁰

43 3311 147 3390 atque
180 3309 333 3372 humana
362 3309 478 3373 omnia
511 3308 640 3391 absque
671 3307 867 3373 discrimine
901 3309 1151 3391 permiscentem

42 3397 96 3461 vel
121 3397 190 3461 levi
214 3398 317 3462 verbo
346 3398 490 3462 auderet
518 3397 735 3479 redarguere.
782 3397 837 3460 Ad
867 3396 1031 3461 ultimum
1060 3405 1153 3467 consi·

42 3485 166 3549 derans
196 3486 474 3570 archiepiscopus
498 3486 705 3569 completam
729 3505 802 3550 esse
831 3485 1004 3550 maliciam
1029 3487 1104 3551 eius
1125 3498 1155 3557 et

41 3573 255 3637 obstinatum
286 3575 323 3637 in
347 3575 448 3640 malis
475 3574 654 3657 ingenium
681 3594 745 3638 nec
768 3578 922 3657 tempore
945 3575 1016 3638 iam
1040 3578 1158 3664 corrigi

40 3682 140 3744 posse
163 3682 227 3726 nec
250 3664 398 3738 racione,
423 3685 514 3728 anno
531 3683 618 3748 pene
642 3666 724 3727 ante
740 3666 898 3727 exortum
914 3662 1047 3729 bellum
1065 3664 1189 3741 Saron

1 3746 155 3814 'enisum
173 3751 276 3834 petiit
291 3753 506 3817 vacationem
530 3752 722 3836 deincepsm
742 3751 807 3815 sibi
825 3751 899 3815 dari
922 3752 966 3816 ab
991 3753 1161 3821 exteriori·

23 3837 104 3902 'bus
128 3839 178 3903 rei
201 3840 361 3924 publicae
384 3841 573 3925 negociis⁴;
606 3844 642 3905 et
671 3840 719 3904 sic
747 3840 934 3924 impetrato
957 3848 1162 3923 commeatu,

38 3927 75 3991 in
99 3928 369 4013 Sigebergense¹¹
396 3930 643 3993 monasterium
671 3929 843 4005 secedens,
874 3927 948 3994 illic
975 3930 1013 3992 in
1036 3930 1165 4015 vigiliis

37 4064 60 4115 a)
74 4072 166 4116 propter
179 4065 239 4106 Blb.
295 4066 318 4114 b)
332 4064 432 4115 quotidie
446 4067 494 4107 Al.
509 4063 574 4118 B1b3
590 4065 682 4107 cottidie
696 4067 743 4106 Ba
804 4064 825 4116 c)
840 4065 871 4107 At
883 4065 945 4109 81⁸.
987 4066 1011 4117 tl)
1024 4067 1070 4121 qdy
1087 4070 1168 4121 (quod)

37 4118 99 4159 Bib.
163 4123 183 4167 e.)
197 4117 353 4160 accomodaret
367 4120 414 4160 Bl.
483 4120 502 4167 l)
516 4131 558 4160 cm.
573 4121 604 4167 [ν.
666 4119 847 4170 gligltur812.
912 4120 936 4169 b)
950 4120 1062 4169 quomodo
1077 4122 1199 4169 Aulum

37 4171 258 4276 llfclgllllmsllnlh⁸
313 4173 337 4222 k)
351 4186 393 4213 om.
408 4172 469 4214 sib.
532 4174 548 4223 l)
562 4185 603 4214 uec
618 4174 694 4224 Bm,
714 4185 773 4215 corr.
788 4184 816 4214 nc
830 4174 878 4215 1³2.
932 4177 963 4223 m)
984 4175 1028 4215 sibl
1043 4174 1120 4217 deluo.
1134 4179 1167 4226 rr.

39 4333 65 4399 1)
79 4332 121 4397 Cf.
135 4348 220 4399 eccpm
237 4350 265 4402 p.
277 4335 336 4398 196,
357 4332 373 4384 l.
387 4336 422 4388 33
432 4350 487 4400 sqq.
541 4336 569 4395 2)
583 4333 736 4386 Esumtiens
747 4335 912 4401 asperiorem.
966 4336 994 4401 3)
1008 4334 1051 4400 Of.
1063 4351 1093 4403 p·
1105 4338 1169 4405 140,

38 4403 54 4457 Ι.
73 4405 107 4457 21
120 4420 175 4470 sqq.
266 4404 293 4469 4)
311 4404 345 4455 In
363 4406 500 4456 amicitate
518 4405 766 4471 Dominlu.1072,
792 4411 821 4456 ut
839 4405 936 4472 Lamp.
956 4422 1045 4473 supra
1059 4424 1092 4474 p.
1107 4411 1170 4466 140.

36 4475 137 4540 retulit,
155 4480 249 4543 septem
268 4480 372 4528 tontum
391 4476 523 4529 censitus
540 4483 601 4529 oste
619 4476 712 4529 bellom
731 4476 894 4530 Scwmicum
913 4484 1047 4533 mortum.
1178 4496 1205 4537 m
