2842 5026
441 110 643 167 LAMPERTI
660 111 852 166 ANXALES.
887 112 924 166 A
944 116 1023 169 loss
1244 119 1296 172 sel

187 299 307 392 pumat,
332 298 373 358 ut
389 296 507 358 haud*
525 295 630 358 facile
653 295 763 358 socios
785 295 830 358 ab
852 296 1012 359 hostibus
1027 297 1103 359 risu
1125 297 1299 380 caligante
1311 300 1387 353 ¹⁰³5-

186 404 351 458 secernere
381 387 523 468 possent
532 384 554 460 ¹,
585 404 688 465 quam
718 382 886 466 plurimos
915 404 957 447 ex
979 385 1081 448 sociis
1103 387 1184 451 suis.
1215 369 1384 450 dammi

125 468 177 559 ²pru.
186 479 293 545 hostes
322 473 548 545 arbitrantur,
579 473 806 535 interficiunt.
852 469 1044 556 ‘Principes
1067 474 1236 540 Saxoniae
1262 480 1298 540 et

184 563 322 635 nobiles,
358 565 477 645 preter
507 562 594 624 duos
622 560 789 624 mediocri
817 559 895 623 loco
923 563 1055 625 natos&
1086 583 1204 627 omnes
1231 565 1299 627 riri

125 706 127 717 .
166 651 370 733 rintegrique
401 650 563 716 evadunt.
596 652 671 711 tum
701 649 828 732 peritia
857 648 1021 715 locorum.
1053 656 1128 713 tum
1162 652 1299 717 obtene

184 741 271 807 brati
301 739 389 802 aeris
420 739 603 808 densitate,
637 742 713 799 tum
744 758 910 819 equorum
940 738 1126 802 velocitate
1155 761 1299 804 commo-

181 829 315 895 dissime
338 827 402 889 usi.
450 827 557 890 Porro
580 826 617 888 in
639 825 766 907 vulgus
792 826 961 909 pedestre.
993 828 1085 909 quod
1110 830 1300 911 congressis

177 917 351 1002 equitibus
382 916 497 979 adhuc
527 915 565 977 in
596 915 717 978 castris
747 914 932 978 resederat.
963 916 1013 977 ita
1043 916 1136 978 ultra
1159 918 1300 980 modum

173 1027 313 1071 omnem
337 1004 611 1086 modestiamque
634 1003 828 1066 debachata
858 1008 910 1066 est
938 1004 1076 1067 hostilis
1098 1005 1228 1071 feritas.
1259 1009 1300 1070 ut

144 1095 387 1159 nchristianae
408 1093 637 1156 verecundiae
657 1091 761 1154 obliti
783 1093 932 1174 pecudes
955 1093 1031 1164 sibi,
1055 1114 1126 1155 non
1144 1094 1301 1157 homines

163 1183 334 1264 iugulare
373 1182 585 1244 viderentur.
639 1180 829 1242 Plurimum
868 1181 973 1244 etiam
1008 1186 1142 1264 partem
1176 1182 1301 1244 flarius

161 1269 339 1345 unstrut,
381 1271 464 1332 dum
503 1273 600 1332 metu
637 1268 746 1351 gladii
783 1269 996 1332 imminentis
1037 1271 1301 1352 precipitantius

154 1358 324 1434 irruunt,
342 1351 558 1422 obsorbuitb.
594 1356 680 1421 Oedi
701 1377 770 1420 nox
787 1359 891 1420 finem
906 1359 1002 1421 fecit.
1038 1358 1083 1420 Et
1099 1360 1192 1440 qnod
1208 1358 1302 1421 ultra

149 1446 320 1511 flurium
351 1446 530 1530 persequie
559 1447 735 1528 fugientes
766 1447 881 1508 haud·
915 1447 999 1508 satis
1022 1451 1137 1508 tntum
1168 1451 1302 1529 putare

125 1535 268 1610 nturi,
304 1536 460 1599 conversi
489 1535 618 1599 milites
651 1534 696 1597 ad
727 1534 837 1617 spolia
867 1535 1061 1618 diripienda
1095 1539 1230 1598 tantam
1264 1536 1301 1598 in

143 1625 300 1688 eastris
323 1625 476 1688 hostium
499 1624 707 1687 invenerunt
731 1623 885 1686 ciborum
909 1624 1136 1698 affluentiam,
1167 1628 1301 1686 tantam

139 1715 256 1777 nuri
285 1717 320 1777 et
350 1712 487 1794 argenti
517 1713 734 1793 vestiumque
767 1712 999 1793 preciosarum
1029 1712 1300 1785 multitudinem,

137 1803 225 1865 ut
251 1823 319 1864 non
347 1802 391 1864 ad
422 1800 552 1865 bellum
583 1801 813 1871 inferendum,
844 1802 905 1864 sed
928 1802 973 1863 ad
996 1801 1136 1884 epulum
1162 1802 1301 1884 preben-

136 1879 261 1953 dum
278 1891 369 1972 regis
386 1890 553 1954 exercitui
569 1893 604 1953 et
621 1889 864 1952 ostentandam
876 1884 1002 1972 opum²¹
1018 1911 1157 1952 suarum
1173 1891 1301 1972 magni·

125 1969 354 2044 'finentiam
378 1979 567 2042 occurrisse
589 1978 801 2041 riderentur.

286 2068 360 2131 Rex
395 2066 499 2149 paulo
535 2070 612 2150 post
648 2086 806 2129 occasum
842 2066 924 2128 solis
956 2067 1048 2130 inter
1077 2067 1225 2134 faustas.
1261 2071 1302 2129 ut

149 2157 332 2221 solemne
357 2161 418 2230 est,
444 2155 595 2217 militum
619 2155 886 2218 acclamationes
909 2156 946 2217 in
970 2160 1081 2218 castra
1104 2157 1300 2227 revertitur,

152 2233 292 2310 laetus
323 2248 358 2308 et
382 2248 544 2308 aestuans
568 2244 706 2326 gaudio,
735 2245 827 2325 quod
851 2243 967 2306 hostes
989 2244 1231 2308 infestissimos
1254 2246 1302 2307 in·

161 2335 269 2416 Signi
286 2334 431 2397 victoria
446 2333 648 2415 subegisset.
673 2332 821 2395 maxime
843 2332 1055 2395 iactantibus
1074 2334 1200 2415 passim
1216 2332 1301 2395 mili·

125 2421 146 2462 ⁵
165 2424 283 2496 tibus,
309 2422 401 2505 quod
424 2420 503 2483 illos
527 2425 563 2483 et
585 2420 665 2483 illos
688 2421 731 2484 de
755 2420 873 2502 primis
896 2420 1110 2503 principibus
1134 2421 1302 2485 Saxoniae

172 2531 284 2575 manu
308 2511 466 2594 propriae
489 2510 724 2592 peremissent.
764 2506 919 2590 Cumque
941 2510 986 2572 ad
1011 2508 1124 2572 locum
1148 2531 1302 2593 congres-

177 2601 285 2664 sionis
309 2600 446 2673 reversi,
471 2597 560 2661 alius
583 2598 761 2660 dominnm
785 2618 895 2667 suum,
926 2598 1015 2660 alius
1038 2602 1182 2681 patrem,
1214 2598 1301 2660 alius

179 2690 323 2752 fratrem
334 2689 355 2762 ⁴,
373 2687 462 2750 alius
475 2690 661 2769 cognatum
678 2689 739 2748 aut
755 2685 824 2748 alia
836 2687 955 2768 quavis
967 2687 1220 2751 necessitudine
1236 2685 1301 2748 sibi

180 2779 379 2843 devinctum
409 2777 446 2837 in
477 2776 550 2839 acie
581 2775 748 2839 corruisse
777 2776 994 2858 reperissent,
1027 2774 1164 2838 laeticia
1191 2774 1301 2836 omnis

125 2868 215 2929 *oin
250 2886 433 2934 merorem,
477 2868 599 2927 centus
634 2885 751 2927 versus
790 2868 842 2927 est
880 2865 916 2926 in
955 2884 1072 2927 vocem
1111 2861 1413 2936 flentium⁵.10cao,s

179 2956 330 3018 Planctu
354 2958 389 3017 et
413 2947 573 3015 ululatus
601 2956 714 3016 castra
736 2953 895 3015 universa
926 2951 1198 3034 perstrepebant.
1245 2950 1300 3014 Se·

180 3048 343 3127 quentem
374 3042 465 3105 diem
496 3042 533 3104 in
563 3042 691 3105 eisdem
723 3041 843 3103 castris
874 3043 1014 3120 agentes
1045 3040 1173 3102 occisos
1207 3043 1300 3102 terra
1309 3059 1359 3101 run.
1367 3059 1399 3101 ro.

180 3197 343 3245 alhautlirt.
398 3197 619 3243 mammonirsre.
636 3197 660 3237 P.
715 3193 914 3243 etproseqnias.
967 3193 1132 3242 dropusBlt.
1186 3193 1301 3244 olpropla

181 3253 237 3293 31⁸.
292 3251 541 3295 srurlnlatunrsr.

140 3390 171 3429 se
182 3379 206 3437 1)
227 3376 297 3426 Idem
317 3377 383 3426 dicit
401 3376 496 3426 Bruno
513 3391 533 3427 c.
547 3376 589 3428 46.
680 3376 708 3439 2)
727 3373 899 3424 Folcmcrum
918 3378 941 3424 et
959 3372 1121 3439 Surdpercm
1143 3389 1177 3424 cx
1196 3372 1299 3439 mediis,

181 3456 208 3498 ur
228 3448 323 3497 Brrmo
341 3463 361 3499 c.
375 3449 418 3501 46.
437 3446 538 3499 scribit.
576 3445 627 3496 See
652 3448 731 3495 ctiam
750 3451 905 3508 »crepantum
923 3461 1085 3496 aunrmorum
1114 3461 1185 3495 untes
1203 3447 1302 3496 occisus

179 3526 216 3569 eet
231 3519 403 3568 Gehehcrdus
418 3534 501 3569 comes
512 3519 544 3566 dc
556 3517 793 3583 Srcpplc'npenbrcrp
811 3516 919 3580 (Bruno
937 3532 957 3568 c.
970 3518 1024 3575 4e,·
1042 3517 1114 3569 Anu.
1127 3517 1155 3569 S.
1169 3516 1300 3579 Dtrr'bodr',

184 3591 286 3653 l'bnrp.
307 3590 372 3648 I.l.;
399 3590 458 3640 occo
477 3589 561 3650 Fris,
587 3589 685 3641 Cbron.
712 3589 757 3650 l'l,
777 3590 829 3648 34,·
854 3589 930 3640 Auct.
951 3588 1143 3650 Garat.,1lnn.
1163 3589 1300 3649 Munerat,

180 3662 207 3713 S.
228 3661 360 3711 Rccdberr'
377 3661 442 3723 Sol,
463 3660 511 3712 SS.
525 3660 577 3722 IX,
592 3676 622 3724 p.
636 3662 696 3713 568.
710 3662 771 3713 576.
786 3661 859 3720 773),
884 3658 954 3723 quod
971 3659 1145 3726 Lonrpertum
1164 3660 1301 3721 iprum-oeae

145 3748 170 3784 ro
179 3734 255 3782 lactc
267 3732 347 3794 focile
360 3732 518 3783 credendum
531 3736 575 3784 est.
604 3730 646 3792 Cf.
665 3747 750 3797 snpra
766 3748 793 3797 p.
807 3733 866 3793 150,
886 3745 912 3781 n.
923 3732 947 3782 6.
1015 3732 1042 3795 3)
1059 3731 1110 3780 Sed
1124 3727 1301 3790 Godesrc'dum

179 3805 271 3853 ducem
298 3804 371 3853 ultra
390 3805 502 3866 {trecium
521 3803 652 3864 supienter
667 3809 833 3866 persecutum
858 3815 911 3850 eece
929 3799 1014 3851 tradit
1033 3800 1146 3851 Carmen
1172 3799 1228 3864 III,
1249 3801 1299 3854 197

183 3877 278 3927 -202,
317 3875 359 3937 Cf.
382 3876 415 3927 A.
434 3874 546 3933 rl'enzel,
572 3872 725 3923 ‘Heinrc'clcs
742 3872 794 3926 Il'.
820 3870 1021 3936 Samene-eff
1046 3870 1157 3935 (Prope.
1177 3871 1300 3936 Lanaeu-

179 3947 257 3995 aolra
274 3948 356 4009 1875)
372 3962 400 4010 p.
413 3948 456 3999 43,
489 3945 528 3995 De
540 3943 705 4007 sapientibus
723 3960 741 3992 a
759 3943 889 4005 Tarraca
908 3945 1009 3993 inrasia
1028 3943 1085 3992 uide
1104 3943 1181 4005 infla
1195 3946 1299 4008 1).2‘28.

179 4020 208 4073 4)
221 4018 262 4079 Cf.
277 4018 371 4067 lirano
383 4033 403 4070 c.
417 4019 461 4070 37.
474 4018 517 4070 46.
591 4016 618 4081 b)
629 4015 755 4066 Sallustii
767 4014 824 4067 Cot.
837 4029 857 4065 c.
871 4014 913 4068 61.
937 4011 1033 4080 Lamp.
1046 4013 1176 4066 adductus
1188 4015 1300 4077 uidetur,

143 4103 170 4141 45
181 4093 211 4137 ut
230 4090 318 4139 cadem
337 4089 394 4150 scre
412 4104 479 4154 qnae
497 4087 541 4139 ille
559 4086 605 4137 hoc
624 4088 676 4137 loco
693 4087 803 4149 referat.
