2842 5026
103 418 156 473 114
377 411 579 467 LAMPERTI
596 411 787 468 ANNALES.
823 411 859 469 A.
878 415 957 470 1070.

16 606 94 661 1070.
103 598 307 682 accepisset,
343 596 379 658 id
414 617 476 678 per
509 596 620 672 furta,
656 615 718 678 per
751 594 950 673 latrocinia,
982 595 1132 678 denique
1170 614 1234 678 per

103 687 239 751 omnia⁸
267 685 432 748 viciorum
463 683 589 766 probra
618 684 687 747 iam
711 684 843 748 dudum
865 684 1113 750 oblitterasset.
1162 681 1233 747 Ille

103 780 222 840 tamen
251 778 287 838 et
316 772 527 855 indignitate
556 773 606 837 rei
636 773 801 837 efferatus
830 776 867 837 et
896 772 973 839 Deo
1006 772 1232 837 innocentiae

104 884 186 928 suae
210 866 300 928 teste
324 866 359 926 et
382 861 519 925 conscio
543 862 654 925 fretus
678 881 758 925 cum
782 862 912 943 quovis,
941 861 1048 927 etiam
1071 861 1230 944 indigno,

105 953 211 1018 etiam
234 954 350 1034 preter
373 949 507 1014 natales
530 970 623 1026 suos,
655 969 810 1033 pugnare
834 950 986 1015 malebat
1008 970 1113 1033 quam
1136 949 1255 1013 tantis

10 1066 66 1114 nuc.
76 1067 95 1105 1.
106 1040 243 1106 sceleris
260 1038 453 1122 suspicione
470 1038 592 1102 teneri.
631 1037 747 1120 Igitur
767 1038 823 1102 die
847 1042 982 1103 statuta
1003 1039 1049 1103 ad
1072 1039 1232 1121 proxima

107 1128 283 1195 Goslariae
308 1128 384 1191 loca
408 1147 486 1190 cum
510 1130 643 1191 armata
666 1125 892 1191 multitudine
910 1127 1023 1205 venit;
1047 1127 1162 1191 missis
1185 1127 1231 1190 ad

105 1238 221 1301 regem
245 1216 380 1280 nunciis
404 1215 591 1292 mandavit,
615 1215 645 1278 si
663 1215 729 1280 sibi
753 1219 831 1278 tuto
847 1217 974 1295 venire,
997 1217 1027 1279 si
1050 1220 1129 1281 tuto
1153 1236 1232 1280 cau·

106 1327 177 1371 sam
208 1306 322 1369 dicere
352 1304 489 1380 liceret,
521 1308 681 1387 paratum
711 1324 747 1368 se
770 1325 885 1368 coram
908 1305 1026 1370 venire
1055 1308 1092 1369 et
1114 1304 1232 1369 condi·

106 1396 213 1471 cione,
245 1415 348 1476 quam
372 1393 544 1476 principes
567 1393 665 1475 regni
688 1413 811 1476 equam
834 1392 1056 1469 iudicassent,
1088 1393 1230 1469 crimen,
1244 1414 1269 1452 n

106 1484 204 1548 cuius
234 1481 455 1545 insimulatus
484 1481 617 1556 iuerat,
649 1480 819 1547 refellere.
865 1481 939 1547 Rex
962 1482 1007 1545 ad
1030 1481 1118 1546 haec
1141 1485 1232 1545 atro

107 1573 193 1636 citer
223 1574 259 1635 et
289 1571 410 1634 acerbe
441 1570 619 1653 respondit
650 1590 686 1634 se
709 1570 743 1634 ei
765 1590 829 1634 nec
851 1570 889 1634 in
911 1571 1082 1636 veniendo
1104 1570 1232 1635 necin

107 1681 211 1725 causa
226 1659 373 1723 dicenda
387 1679 507 1741 pacem
531 1662 593 1722 ant
616 1658 838 1723 securitatem
860 1658 1033 1743 polliceri3
1056 1658 1094 1723 id
1116 1657 1232 1722 solum

107 1741 322 1832 expectarel,
362 1751 402 1810 ut
439 1747 539 1810 iuxta
576 1747 774 1811 condictum
810 1746 1004 1812 Goslariam
1038 1747 1231 1813 comminus

106 1837 256 1913 veniret,
289 1839 324 1900 et
347 1836 376 1898 si
400 1837 483 1919 quid
507 1837 550 1900 de
573 1835 773 1900 innocentia
803 1856 866 1900 sua
891 1840 1121 1920 presumeret,
1154 1856 1267 1900 con-a

107 1929 200 1990 serta
216 1946 294 1989 cum
309 1925 505 1989 adversario
529 1945 591 1988 suo
614 1945 719 1987 manu
735 1925 919 2007 equissimo
941 1924 1050 1991 iudici
1065 1924 1142 1989 Deo
1158 1944 1231 1988 rem

108 2015 357 2089 committeret;
388 2013 425 2075 ni
454 2013 491 2076 id
521 2013 669 2088 iaceret,
701 2032 737 2077 se
764 2013 890 2076 omissa
918 2013 1036 2096 legum
1066 2012 1232 2078 dissiden-

108 2103 197 2167 tium
227 2102 421 2178 simultate,
454 2101 608 2184 relegato
643 2102 894 2166 sententiarum
928 2102 1132 2179 certamine,
1169 2122 1232 2185 pro

108 2191 266 2256 convicto
297 2191 522 2273 confessoque
552 2211 630 2254 eum
658 2190 696 2252 in
723 2190 834 2254 tanti⁰
863 2189 1001 2255 sceleris
1023 2190 1232 2255 inmanitate

108 2280 310 2344 habiturum
321 2279 343 2341 ¹.
381 2278 505 2343 Relato
529 2279 573 2343 ad
593 2279 716 2343 ducem
739 2279 806 2342 hoc
828 2298 1001 2363 responso,
1026 2299 1090 2343 nec
1113 2282 1266 2342 tutumso

109 2390 172 2433 nec
203 2367 286 2431 satis
317 2368 501 2433 honestum
532 2361 627 2432 eius‘l
653 2367 846 2432 rationibus
869 2368 980 2431 visum
1003 2371 1057 2432 est
1087 2367 1143 2431 his
1174 2367 1234 2450 qui

108 2461 202 2522 recte
227 2457 258 2521 ei
282 2456 479 2520 consultum
502 2455 698 2538 cupiebant,
723 2459 764 2519 ut
787 2456 835 2520 sic
858 2456 1093 2520 inflammatae
1116 2455 1233 2520 adver

110 2566 185 2609 sum
216 2566 251 2609 se
287 2544 377 2627 regis
411 2545 610 2609 iracundiae
645 2544 864 2609 illudendum
899 2565 934 2608 se
969 2544 1234 2628 vexandumque

109 2634 271 2708 obiceret,
297 2654 374 2696 cum
399 2633 465 2696 sibi
488 2633 632 2715 integris
648 2633 782 2696 adhuc⁰
811 2634 913 2697 rebus
936 2636 973 2697 et
991 2633 1136 2698 crimine
1160 2654 1234 2697 nec·

111 2723 193 2785 dum
218 2722 440 2805 comprobato
463 2726 542 2785 tuto
566 2742 680 2785 coram
706 2721 822 2787 venire
851 2743 921 2785 non
944 2721 1109 2798 licuisset,
1141 2721 1269 2804 quoda

110 2814 182 2873 tam
217 2810 291 2874 iure
327 2810 414 2874 caeli
448 2831 551 2893 quam
585 2811 659 2874 iure
694 2811 762 2875 fori
797 2811 956 2875 omnibus
994 2831 1130 2894 semper
1168 2810 1236 2874 reis

110 2898 270 2962 omnibus
293 2898 330 2960 in
354 2899 465 2962 causis
488 2899 653 2963 licuisset.
700 2899 756 2962 Ita
784 2892 913 2963 incisar
940 2920 1000 2983 spe
1023 2898 1156 2974 veniae,
1187 2898 1236 2961 in·

110 2987 213 3052 fectis
248 2987 350 3051 rebus
384 2987 421 3049 in
456 3009 518 3050 sua
552 3008 587 3052 se
618 2988 766 3071 recepit,
798 2988 909 3051 sacius
940 2990 1084 3070 putans,
1120 2987 1236 3069 quoad

111 3079 243 3159 posset,
284 3075 386 3138 armis
425 3075 573 3140 salutem
617 3077 708 3141 tueri
747 3098 848 3158 quam
888 3076 961 3139 adss
1002 3075 1237 3140 exsaturanda

111 3165 264 3227 hostium
295 3184 434 3228 suorum
464 3165 544 3227 odia
574 3166 724 3248 turpiter
753 3186 846 3229 more
877 3166 1048 3248 pecudum
1071 3164 1290 3248 iugularisca

17 3275 71 3323 aa.
80 3273 100 3313 s.
111 3253 255 3317 Postera
278 3253 333 3317 die
357 3273 416 3316 rex
440 3253 613 3336 principes
637 3254 821 3330 Senoniae,
853 3255 945 3336 quod
976 3274 1017 3318 ex
1045 3253 1099 3316 his
1122 3253 1236 3317 oriun-

111 3342 176 3406 dus
211 3346 317 3419 esset,
354 3346 389 3406 et
419 3342 456 3404 hi
492 3346 633 3426 propter
668 3342 819 3425 privatas
848 3342 1052 3407 inimicicias
1086 3341 1236 3405 maxime

110 3431 259 3494 invisum
291 3451 368 3494 eum
400 3431 600 3506 haberent²‚
632 3431 840 3495 sententiam
868 3451 971 3514 super
998 3422 1059 3494 e0¹¹
1086 3430 1233 3514 rogavit.

112 3618 320 3668 alomnlumBlb.
362 3621 385 3667 b)
399 3622 558 3670 exspectBfl.
601 3620 698 3669 clienta
714 3619 774 3661 nib.
829 3619 853 3671 d)
867 3620 984 3661 om.Bl⁸.
1039 3617 1106 3670 ο)ιά
1120 3619 1235 3660 tuoni.

112 3673 328 3720 olmelmmm.
383 3673 538 3723 ponam.
594 3674 681 3723 h)sum
695 3674 742 3714 32.
1245 3675 1280 3718 ³5

114 3819 141 3882 l)
161 3816 305 3866 Annalietn
325 3815 477 3866 Allahmsis
495 3816 571 3867 nobes
589 3816 702 3866 tradidit
725 3832 793 3882 picae
810 3832 860 3867 rea
878 3831 936 3867 aen
953 3815 1108 3882 respondit:
1133 3812 1193 3867 Pax
1212 3814 1236 3865 ei

114 3886 148 3938 ad
174 3903 218 3938 rne
237 3885 356 3938 venienti
382 3884 460 3938 firma
485 3887 544 3951 erit,
573 3888 626 3957 lfet
651 3890 720 3955 post,
746 3891 828 3955 prout
846 3903 909 3938 reus
930 3887 974 3939 vel
993 3888 1031 3952 (et
1048 3890 1081 3953 c.)
1107 3885 1236 3938 innocens

113 3956 278 4025 apparuerit
307 3957 341 4007 In
359 3957 410 4007 hoc
427 3957 555 4009 relatione
566 3959 659 4010 callide
675 3959 778 4009 studiat
791 3958 897 4024 Lamp„
916 3960 1049 4010 almania
1067 3960 1098 4008 in
1116 3958 1234 4021 savorm

113 4028 200 4091 ducis,
232 4030 259 4077 in
289 4028 378 4078 odium
409 4032 480 4094 repis
508 4036 673 4092 convenerat,
700 4036 730 4080 ul
755 4029 889 4081 Delorcck
912 4046 943 4095 p.
962 4030 1078 4084 21-26.
1105 4030 1236 4094 munst.

113 4102 141 4165 2)
169 4099 240 4149 Sane
266 4101 384 4149 conscius
411 4100 523 4162 fraudis
549 4101 604 4152 suoi
629 4102 685 4164 fuit
710 4100 816 4167 Lunna,
843 4116 903 4150 cunr
929 4100 992 4151 hoec
1018 4098 1152 4153 scriberet.
1193 4098 1264 4162 Otito

115 4169 145 4221 0.
164 4169 310 4232 Frrmlcle'n,
337 4169 404 4220 ‘Dae
422 4171 665 4236 Ra‘ctshospm'cht
690 4175 727 4221 im
746 4171 908 4222 Mittelallest
935 4171 975 4234 ΙΙ,
997 4187 1027 4237 p.
1042 4172 1094 4225 129
1105 4186 1163 4236 squ
1189 4168 1236 4220 ‘Es

115 4256 173 4290 reor
191 4241 220 4289 in
239 4241 337 4290 almer·
354 4241 412 4291 Zea
431 4241 473 4292 die
491 4242 577 4307 Repel,
603 4243 665 4293 dass
690 4243 739 4293 doe
758 4241 1002 4307 Reichshofperidtt
1027 4243 1076 4292 mit
1094 4240 1236 4292 &cmm

113 4325 239 4374 perosam
257 4314 330 4361 einer
347 4312 395 4362 der·
413 4313 537 4364 Porter'm
556 4313 647 4364 onan
666 4314 765 4376 rcraerde,
790 4314 821 4365 ob
843 4313 980 4365 reclstliclre
997 4312 1236 4378 Nothwendr'pleeil,

116 4383 148 4431 ist
167 4380 239 4433 nicht
257 4383 305 4431 mil
323 4382 468 4434 &oderisii
488 4384 700 4438 oscszumoclscn’.
