2842 5026
433 387 633 444 thamnam
650 388 840 443 ANNALES.
876 391 912 446 A.
933 393 1009 446 lora
1236 394 1286 447 169

176 593 400 662 quoscumque
417 572 515 636 donis
538 572 594 636 vel
613 572 788 655 promissis
812 573 856 636 ad
880 574 1034 636 studium
1058 594 1196 636 suarum
1214 578 1374 656 par-1073.

171 670 256 731 tium
271 661 410 726 allicere
426 661 552 744 potuit,
576 661 732 724 concitus
749 662 792 725 de
808 662 969 726 Baioaria
991 663 1165 733 remeavit,
1190 667 1286 725 ratus

162 759 250 819 ante
282 751 399 814 onmia
432 750 672 832 impediendae
710 753 830 814 tantae
869 751 918 815 rei
954 772 1069 814 curam
1106 752 1285 833 agendam.

157 843 321 922 Cumque
346 860 452 922 prope
470 838 701 902 Wormaciam
724 839 761 900 in
784 839 899 903 locum
924 841 982 922 qui
1007 840 1136 903 dicitur
1158 840 1286 903 Loven·

134 931 320 1012 ldeburga
340 927 500 1003 venisset,
525 928 725 1010 gravissima
748 928 943 1011 egritudine
967 932 1144 1012 correptus
1168 929 1368 999 multisona.)

144 1019 289 1083 diebus
325 1017 416 1080 lecto
451 1016 647 1080 decubabat
658 1016 677 1092 ¹,
714 1037 876 1100 spemque
911 1018 1093 1080 maximam
1129 1018 1287 1081 hostibus

137 1108 240 1170 suis
267 1106 400 1169 fecerat
429 1107 546 1168 tantos
575 1104 703 1167 irarum
735 1108 848 1168 motus
879 1107 952 1170 sine
980 1100 1177 1188 sanguinisb
1205 1107 1287 1170 effu-

129 1195 263 1259 sione
294 1214 392 1276 posse
423 1194 555 1257 confici.
603 1192 671 1256 Sed
701 1194 745 1257 ab
780 1195 981 1259 infirmitate
1011 1194 1150 1257 vixdum
1186 1195 1288 1278 plene

125 1287 341 1349 recreatus
354 1282 585 1346 Wormaciam
610 1281 800 1346 festinavit.
836 1283 905 1346 Ubi
926 1305 1004 1347 cum
1021 1305 1146 1365 magna
1162 1304 1289 1367 pompa

125 1390 168 1434 a.
215 1372 344 1436 civibus
367 1371 404 1434 in
427 1369 548 1434 urbem
572 1374 750 1454 susceptus
775 1374 836 1447 est,
862 1373 920 1455 qui
945 1376 980 1436 et
1003 1373 1108 1455 paulo
1132 1376 1223 1448 aute,
1248 1376 1288 1435 ut

125 1479 232 1525 stra
261 1482 343 1543 erga
373 1481 451 1523 eum
482 1459 599 1523 studia
622 1459 768 1523 clariora
790 1461 955 1536 facerent,
985 1460 1113 1524 milites
1137 1462 1289 1543 episcopi

125 1547 362 1633 'mgressum
379 1550 453 1612 eins
477 1549 658 1632 prohibere
682 1552 894 1632 temptantes
917 1550 1003 1613 urbe
1027 1550 1230 1632 expulerant
1254 1554 1289 1613 et

125 1635 282 1723 ipsum
314 1638 544 1722 episcopum2.
575 1637 642 1700 nisi
666 1641 799 1702 mature
823 1638 909 1720 fuga
931 1638 1048 1720 lapsus
1072 1639 1213 1702 civitate
1237 1659 1288 1702 ex·

125 1728 341 1793 [tessisset.
382 1726 723 1809 comprehendissent
766 1729 801 1790 et
839 1727 994 1789 vinctum
1036 1727 1068 1790 ei
1106 1727 1288 1790 misissent.

125 1812 335 1880 Venienti
358 1835 440 1898 ergo
463 1815 495 1878 ei
519 1815 643 1877 armati
665 1815 896 1897 instructique
919 1815 1055 1878 obviam
1087 1816 1288 1898 procedunt,

125 1923 239 1968 non
271 1904 315 1967 ad
340 1904 408 1966 vim
438 1904 643 1976 faciendam,
677 1903 736 1967 sed
763 1907 804 1965 nt
828 1908 1013 1987 conspecta
1036 1925 1153 1967 eorum
1177 1904 1290 1967 multi·

125 1994 302 2063 tudine,
335 2013 505 2055 armorum
541 1995 719 2075 apparatu,
756 1993 994 2075 expeditorum
1028 1993 1191 2057 iuvenum
1226 1993 1290 2056 fre-

131 2082 314 2165 quentia
341 2080 630 2143 animadverteret
658 2080 695 2142 in
726 2081 842 2144 arduis
872 2082 975 2145 rebus
1005 2082 1089 2158 suis,
1122 2085 1290 2163 quantum

145 2170 244 2254 npei
273 2170 310 2231 in
342 2169 390 2232 eis
420 2189 546 2251 ponere
577 2168 762 2233 debuisset.
810 2167 958 2253 Operam
989 2191 1086 2233 suam
1117 2170 1285 2252 benigne⁰

163 2258 353 2343 spondent,
377 2257 617 2320 iusiurandum
634 2259 728 2331 dant,
754 2262 911 2342 sumptus
934 2259 976 2321 ad
994 2258 1126 2323 bellum
1149 2259 1291 2322 admini-

175 2347 351 2411 strandum
375 2367 417 2410 ex
439 2367 503 2410 sua
525 2367 561 2410 re
585 2346 749 2409 familiari
774 2347 902 2430 singuli
932 2368 994 2430 pro
1018 2347 1110 2410 virili
1133 2348 1290 2431 portione

175 2437 324 2500 offerunt
355 2438 399 2512 et,
431 2455 498 2517 quo
529 2430 726 2509 adviventi,
759 2456 820 2518 pro
851 2437 980 2500 honore
1011 2437 1084 2500 eius
1108 2437 1232 2500 devote
1256 2457 1291 2500 se

175 2525 382 2587 militaturos
417 2525 623 2587 confirmant
632 2525 653 2585 ³.
701 2524 758 2586 Ita
792 2545 851 2588 rex
886 2524 1026 2590 civitate
1062 2526 1292 2589 munitissima

175 2614 305 2697 potitus
337 2613 428 2676 hanc
458 2613 620 2695 deinceps
650 2612 733 2676 belli
761 2614 886 2690 sedem,
919 2614 1009 2677 hanc
1039 2615 1137 2697 regni
1168 2635 1290 2691 arcem,

125 2703 272 2774 Rhana,
290 2705 478 2784 utcumque
493 2722 547 2764 res
563 2701 777 2775 cecidissent,
794 2703 1007 2765 tutissimum
1024 2704 1148 2766 asilum
1164 2703 1291 2767 habere

175 2791 273 2875 cepit,
306 2812 346 2854 eo
377 2791 467 2873 quod
499 2794 589 2853 esset
619 2792 654 2853 et
689 2790 821 2853 civibus
851 2791 1013 2873 frequens
1045 2795 1080 2855 et
1116 2814 1292 2855 murorum

175 2879 337 2943 firmitate
381 2878 659 2961 inexpugnabilis
702 2881 738 2941 et
776 2879 935 2943 ubertate
974 2880 1291 2944 circumiacentium

173 2969 352 3051 regionum
382 2967 643 3051 opulentissima
673 2970 708 3030 et
738 2968 897 3031 omnibus
927 2989 1014 3050 quae
1038 2969 1074 3030 in
1098 2969 1190 3032 bello
1213 2969 1292 3031 usui

173 3076 244 3122 csse
268 3057 383 3120 solent
406 3056 512 3138 copiis
535 3055 811 3118 instructissima.
849 3056 955 3120 Porro
979 3057 1016 3119 hi
1039 3057 1098 3139 qui
1122 3057 1165 3120 ab
1185 3057 1291 3120 archi·

130 3146 333 3229 :aepiscopo
361 3145 564 3228 Mogontino
597 3145 641 3207 ad
671 3144 881 3227 colloquium
912 3146 1127 3228 Mogontiam
1159 3147 1293 3209 evocati

173 3234 327 3311 inerant,
364 3233 493 3307 audito,
528 3233 619 3316 quod
650 3254 708 3296 rex
739 3235 894 3297 concitus
927 3235 1144 3309 adventaret,
1176 3233 1292 3316 plures

173 3327 268 3387 metu
304 3323 452 3406 perculsi
487 3341 527 3386 eo
561 3321 677 3385 venire
713 3321 1026 3385 dissimulaverunt.
1076 3321 1196 3398 Pauci,
1233 3323 1292 3404 qui

173 3415 352 3489 venerunt,
385 3432 462 3475 cum
494 3411 536 3473 de
566 3411 674 3473 tantis
705 3410 807 3474 rebus
831 3411 903 3474 sine
927 3410 1073 3473 aliorum
1097 3411 1292 3493 principum

173 3501 385 3564 discussione
408 3499 616 3564 sententiam
639 3500 730 3563 ferre
754 3519 824 3562 non
842 3499 1019 3576 auderent,
1043 3499 1133 3562 irriti
1151 3501 1292 3563 frustra·

141 3591 268 3672 atique
293 3590 531 3652 discesserunt.
579 3588 635 3650 Ad
651 3608 736 3670 quos
759 3608 818 3650 rex
842 3588 974 3670 legatos
998 3589 1149 3666 mittens,
1173 3589 1293 3653 multis

173 3678 333 3761 precibus
356 3677 405 3741 eis
428 3677 484 3738 vix
507 3680 543 3740 et
566 3697 668 3759 aegre
693 3677 845 3753 extorsit,
870 3681 910 3739 ut
933 3678 999 3740 sibi
1022 3677 1204 3741 familiaris
1228 3678 1293 3741 col·

174 3767 281 3848 loquii
317 3765 429 3848 gratia
463 3766 499 3827 in
535 3763 771 3848 Oppenheime
807 3770 1035 3830 occurrerent.
1088 3764 1163 3844 Quo
1199 3766 1291 3840 dum,

172 3961 194 4002 s)
210 3957 365 4005 louendoburg
379 3956 424 3997 ΒΞ,
479 3956 502 4001 h)
517 3956 608 4003 sanquis
626 3956 680 3996 31⁸.
740 3957 1125 4004 orpheacarcanensi»,131⁸.
1182 3954 1206 4005 d)
1220 3954 1294 4005 quoad

174 4011 254 4049 vivant
268 4011 286 4047 Α
297 4012 314 4050 1.
329 4010 382 4059 Β2;
400 4016 423 4048 et
436 4009 570 4047 continuam
585 4009 643 4051 131⁶.
699 4008 720 4057 a)
734 4010 861 4058 oppouheln
875 4010 920 4051 132.

137 4167 164 4203 so
176 4155 201 4214 1)
226 4153 321 4216 Reqem
344 4167 428 4217 prope
455 4152 629 4203 ll'ormotiom
655 4152 826 4218 aliquamdiu
854 4151 1022 4214 infirmium
1047 4167 1100 4202 ease
1127 4153 1183 4200 iam
1211 4166 1295 4201 airolae

173 4226 304 4288 Aliquam,
330 4239 389 4273 eura
414 4222 566 4273 cSaoeoaio
591 4223 720 4288 exivisset,
748 4223 884 4276 Bertlaold.
911 4223 998 4288 (Ama
1017 4221 1044 4275 S.
1065 4222 1168 4285 Bloao‘i)
1190 4239 1219 4287 p.
1233 4223 1293 4276 ⁴276.

173 4295 247 4357 salso
268 4294 365 4359 procul
387 4293 467 4344 dictio
492 4295 571 4346 (lixit.
661 4295 689 4353 2)
706 4293 890 4346 Adulterium.
978 4296 1007 4360 23)
1026 4294 1068 4356 Cf.
1087 4293 1206 4361 diploma
1225 4294 1296 4357 repis

173 4366 267 4416 datram
286 4363 520 4416 Wormotiensibus
537 4365 656 4426 a.1074,
677 4363 736 4418 Ian.
751 4365 784 4418 18
803 4363 854 4432 (St.
867 4367 960 4429 2770).
998 4363 1080 4428 Infra
1095 4366 1191 4431 11.le
1203 4380 1259 4430 sqq.
