2842 5026
125 458 181 513 260
399 450 602 509 umnam
618 448 811 507 manns.
845 448 883 507 Α.
902 452 983 509 lura

39 637 223 704 lavabant.
263 636 372 699 Erant
396 634 465 699 duo
489 633 669 699 cuiusdam
692 630 840 699 Geronis
862 630 1025 697 comitis¹
1047 630 1117 695 filii
1127 630 1151 705 ²,
1176 627 1262 693 satis

128 725 266 810 quidem
297 724 392 789 edito
422 721 499 787 loco
521 716 619 799 'nati
651 721 712 787 sed
739 724 882 805 propter
902 720 1060 805 inopiam
1082 717 1140 785 rei
1162 716 1293 789 fami-7

128 814 223 877 liaris
252 812 346 877 inter
374 810 547 895 principes
570 810 739 875 Senoniae
768 808 900 873 nullius
929 808 1085 875 nominis
1108 805 1168 871 vel
1191 826 1261 871 mc·

128 902 247 966 menti.
293 899 344 963 Hi
370 903 526 983 tempore
556 898 744 963 deditionis
772 896 868 962 ultra
888 896 1010 963 Albim
1037 895 1188 961 flurium
1211 914 1258 959 re

128 989 302 1072 fugerant,
319 987 437 1072 ibique
453 986 503 1052 rei
519 990 681 1052 eventum
697 985 989 1070 prestolabantur,
1013 984 1125 1051 facile
1140 1004 1163 1047 a
1176 1002 1278 1067 reges

129 1080 270 1161 propter
285 1075 533 1141 obscuritatem
556 1074 705 1139 nominis
727 1073 784 1139 rel
798 1074 951 1159 ignorati
972 1073 1030 1139 rel
1049 1072 1254 1157 contempti.

130 1164 285 1247 Cumque
304 1164 484 1228 viderent·
503 1162 604 1239 mala,
628 1182 716 1246 quae
739 1163 880 1239 flebant,
904 1182 976 1229 non
998 1160 1100 1227 uliud
1123 1160 1252 1227 scilicet

129 1256 247 1317 actum
271 1252 447 1317 deditione
470 1251 666 1335 principum
690 1244 812 1335 quaml
833 1251 1029 1335 proditam⁰
1051 1250 1160 1335 plane
1181 1270 1249 1316 esse

129 1340 328 1406 libertatem
357 1341 491 1424 patriae
520 1342 699 1422 totamque
722 1342 861 1423 gentem
885 1338 1072 1415 Saxonum,
1104 1359 1172 1422 quo
1192 1360 1246 1405 rex

130 1449 265 1512 semper
292 1429 501 1505 intenderat,
531 1428 569 1491 in
599 1428 801 1493 servitutem
830 1430 936 1511 atque
965 1426 1031 1491 sub
1060 1426 1182 1511 iugum
1201 1448 1268 1497 reu

131 1517 268 1581 ductam
279 1516 301 1593 ⁸,
325 1517 480 1601 quamvis
496 1516 618 1601 patriis
640 1515 769 1582 finibus
784 1519 948 1594 extorres,
971 1514 1132 1600 quamuis
1145 1518 1237 1583 muni·

130 1605 284 1670 tionibus
308 1605 450 1681 amissis,
479 1604 616 1689 perdito
639 1604 858 1688 patrimonio,
888 1624 1006 1670 rerum
1028 1604 1180 1669 omnium
1197 1606 1234 1673 in·
1291 1628 1293 1635 ·

131 1713 213 1777 opes
245 1692 503 1769 remansissent,
538 1691 738 1777 gaudebant
771 1695 891 1759 tamen
923 1692 1126 1771 admodum,
1158 1698 1231 1779 qnod

132 1803 210 1846 cum
241 1781 386 1846 caeteris
416 1780 584 1846 Senoniae
614 1780 830 1866 principibus
858 1784 931 1847 tem
992 1783 1133 1846 tuosum
1161 1782 1229 1853 illud

133 1869 320 1935 deditionis
342 1869 563 1953 naufragium
586 1890 657 1934 non
679 1869 893 1935 incidissent.
961 1864 999 1933 t‘¹
1019 1890 1100 1935 cnm
1114 1880 1254 1955 urgente

133 1959 286 2041 penuria,
318 1958 506 2022 contractis
536 1978 579 2023 ex
612 1959 667 2021 sui
696 1958 863 2023 similium
891 1978 1037 2023 numero
1066 1958 1226 2043 aliquantis

133 2046 250 2129 copiis,
281 2049 382 2129 rapto
409 2044 476 2110 sibi
499 2046 630 2111 victum
657 2066 799 2129 querere
822 2050 1000 2130 ceperunt.
1046 2045 1225 2133 Plerumque

133 2134 249 2211 etiam,
278 2134 338 2198 ubi
361 2133 598 2217 oportunitus⁰
627 2134 818 2213 accidisset,
850 2135 942 2219 regis
965 2135 1175 2201 exactoribus
1191 2160 1224 2205 re

133 2221 254 2286 sistere
278 2225 314 2287 et
336 2222 480 2286 iniurias
495 2242 600 2285 manu
616 2222 817 2307 propulsare
832 2222 1065 2307 temptabant.
1100 2221 1225 2310 Cumque

133 2310 183 2375 eis
206 2309 311 2375 semel
335 2314 371 2375 et
386 2310 538 2375 secundo
556 2331 610 2375 res
626 2330 788 2395 prospere
803 2311 996 2387 cessissent,
1020 2310 1147 2377 milites
1159 2316 1252 2397 prin-a

134 2398 249 2482 cipum
279 2399 338 2482 qui
361 2397 508 2482 relegati
530 2399 680 2475 fuerant,
711 2399 855 2483 ingenui
876 2419 1013 2484 quoque
1036 2418 1159 2479 ornnes,
1182 2404 1226 2486 qui

133 2487 282 2552 necdum
317 2486 428 2551 dediti
462 2487 616 2564 inerant,
653 2488 779 2571 quique
813 2491 968 2553 extrema
1000 2488 1119 2554 omniu
1147 2510 1226 2573 quan

134 2575 236 2639 fidem
260 2576 350 2657 regis
374 2576 468 2638 ultra
490 2575 636 2659 experiri
660 2574 846 2653 malebant,
878 2577 1081 2641 catervatim
1106 2577 1146 2640 ad
1165 2572 1224 2642 eosr

135 2664 366 2728 confluebant.
406 2664 450 2726 Et
473 2664 569 2727 facta
588 2669 641 2728 est
664 2664 778 2727 intras
797 2665 870 2729 dies
893 2685 1022 2749 paucos
1044 2667 1228 2749 permaxima
1291 2690 1293 2697 ·

134 2751 333 2823 multitudo,
366 2753 415 2815 ita
444 2756 485 2815 ut
515 2752 583 2815 iam
607 2774 678 2816 non
701 2753 745 2816 ad
769 2752 911 2816 insidias
935 2754 1037 2818 modo
1061 2759 1098 2818 et
1120 2754 1254 2819 claudes

134 2833 263 2903 stinas¹¹
291 2841 575 2903 latrocinantium
606 2860 699 2904 more
727 2842 952 2917 excursiones,
984 2835 1063 2906 sedi
1094 2843 1137 2905 ad
1157 2864 1228 2926 aper·

133 2932 205 2991 tarn
241 2929 309 2991 vim
344 2932 380 2992 et
415 2928 571 3011 publicas
601 2930 858 3013 congressiones
892 2951 991 3013 pares
1026 2952 1062 2996 se
1098 2930 1230 2994 hostibus

135 3017 396 3081 arbitrarentur.
443 3017 606 3081 Preterea
636 3017 872 3101 provinciales,
904 3019 1029 3101 quibus
1058 3020 1148 3084 inter
1171 3019 1230 3082 ulti·

135 3126 207 3167 mas
231 3105 481 3188 desperationis
504 3106 664 3169 tenebras
687 3107 748 3169 lux
771 3107 888 3189 aliqua
910 3101 1054 3170 salut-isk
1082 3112 1118 3171 et
1139 3128 1230 3171 conso·

135 3192 275 3257 lationis
306 3192 450 3257 caelitus
481 3195 678 3268 emicuerat,
710 3215 827 3258 ornnes
858 3197 1114 3279 promptissimo
1139 3195 1258 3262 animoa

136 3282 244 3344 socias
275 3302 396 3344 manus
427 3302 711 3365 communemque
746 3304 885 3365 operam
920 3284 1069 3366 publicis
1104 3283 1231 3368 negociis

136 3369 353 3452 pollicentur,
379 3370 491 3433 sacius
514 3371 708 3435 iudicantes
732 3393 792 3454 pro
809 3372 931 3454 patria,
956 3393 1018 3455 pro
1041 3372 1167 3447 liberis,
1187 3392 1232 3456 pro

137 3459 341 3540 coniugibus
371 3458 518 3522 honesta
548 3462 657 3523 morte
693 3460 854 3542 perfungi
885 3481 988 3543 quam
1018 3462 1111 3525 inter
1139 3465 1234 3524 tantas

136 3546 379 3610 tribulationes
403 3547 497 3610 omni
520 3550 630 3611 morte
653 3548 841 3612 tristiorem
864 3549 972 3612 vitam
995 3570 1108 3633 agere.

10 3656 128 3705 arnae)
245 3635 343 3699 Inter
358 3635 443 3699 haec
459 3636 596 3699 rediens
611 3634 846 3701 Herimannus
862 3640 1007 3720 patruus
1023 3638 1143 3721 Magni
1158 3638 1263 3701 ducisa

138 3724 173 3784 et
197 3720 256 3784 alii
280 3721 434 3806 plerique
465 3744 506 3787 ex
536 3724 750 3808 principibus
781 3724 963 3803 dediticiis,
994 3746 1090 3809 quos,
1121 3730 1161 3788 ut
1182 3746 1238 3809 pre·

138 3809 271 3873 dictum
294 3815 346 3873 est
356 3812 377 3887 ⁴,
402 3811 599 3876 inconsulto
616 3833 696 3895 rege
718 3812 938 3896 indulgentia
961 3833 1079 3878 eorum
1096 3815 1240 3897 aquibus

137 4000 159 4045 si
174 3997 360 4051 videbantmb3
375 4000 550 4040 valer-sutrio.
606 4002 629 4049 b)
643 4001 758 4051 quoBlb.
814 4000 959 4053 clperditsm
974 4003 1019 4042 Bt.
1075 4002 1244 4054 dmum&

137 4050 331 4104 mapparum.
387 4053 583 4100 nausearum.
638 4055 811 4105 gyinrcrlilb.
866 4056 889 4104 b)
903 4054 1082 4098 alendarum.
1136 4056 1244 4107 ηοω.

136 4106 184 4145 Β2.
240 4105 602 4154 kic0n2.etm1.celicne31u.
1251 4108 1272 4146 tc

139 4265 166 4329 1)
182 4265 223 4316 Dc
241 4263 328 4316 Brene
344 4281 358 4317 e
374 4271 448 4330 pnite
462 4265 622 4321 Wettinemt.
695 4269 723 4334 2)
747 4267 922 4320 ranam
939 4272 963 4319 ct
982 4269 1160 4320 Willebelmss
1176 4282 1249 4321 m

138 4333 170 4384 ds
183 4334 333 4399 Knmturp.
360 4337 404 4400 Cf.
420 4338 526 4390 emeat.
540 4337 654 4403 Wensn,
671 4338 719 4392 SS.
734 4338 848 4406 XXIII,
863 4356 894 4406 p.
906 4340 975 4401 22&
992 4340 1089 4393 Bruno
1105 4354 1128 4396 a.
1140 4341 1182 4396 aa
1195 4340 1249 4394 117.

139 4402 167 4466 3)
185 4403 227 4466 Cf.
245 4420 332 4469 snpra
345 4422 375 4472 p.
390 4408 440 4460 147
453 4422 492 4472 sq,
564 4408 592 4474 4)
609 4410 639 4463 P.
658 4412 721 4465 258.

21 4664 183 4738 A
