2842 5026
330 455 529 510 LAMPERTI
549 455 738 510 ANNALES.
776 456 811 510 A.
833 457 910 510 1054.
1150 457 1184 508 65

53 638 314 721 deprecabatur
338 660 403 707 eos,
429 643 468 701 ut
492 639 614 702 ducem
639 636 894 710 Gotefnaumr,
919 658 961 699 ne
986 636 1067 718 quid
1092 637 1183 698 forte
1196 642 1271 695 1054.

55 726 143 789 mali
174 733 296 790 eontra
330 748 400 790 rem
437 726 611 809 publicam
646 727 911 795 machinaretur,
946 724 1181 799 observarent;

55 816 355 898 promittebatque
386 816 534 898 seipsum
559 815 629 877 vita
660 815 784 878 comite
809 814 962 897 proximo
986 834 1076 876 anno
1101 814 1183 875 affu-

55 908 178 966 turum
205 910 249 975 et,
275 904 357 986 quid
382 905 476 967 tacto
500 925 585 986 opus
609 907 707 973 esset,
734 904 896 965 visurum.

33 1014 47 1052 s
171 985 329 1074 {Huicbff
365 992 595 1055 subdiaconus
633 992 785 1054 toxicum
824 991 860 1052 in
899 989 1039 1053 calicem
1080 989 1183 1051 misit.

58 1079 172 1158 Quem
205 1102 281 1144 curn
313 1081 386 1163 ipse
416 1084 494 1162 post
524 1081 814 1143 consecrationem
846 1078 958 1142 levare
989 1076 1095 1141 vellet
1122 1098 1184 1141 nec

58 1173 187 1252 posset,
212 1190 232 1231 a
248 1169 398 1232 Domino
421 1188 558 1232 causam
582 1169 668 1232 facti
690 1168 917 1249 inquisiturus
933 1171 1030 1230 cum⁰
1057 1165 1184 1248 populo

59 1257 104 1320 ad
122 1258 315 1321 orationem
332 1257 570 1339 prosternitur,
595 1257 781 1338 statimque
804 1256 975 1318 toxicator
998 1275 1018 1316 a
1041 1255 1186 1318 demone

59 1341 261 1428 arripiturd.
311 1345 367 1408 Ita
397 1346 504 1425 igitur
534 1366 638 1408 causa
661 1345 893 1416 manifestata,
926 1343 1071 1406 domnus
1096 1364 1185 1424 papa

24 1458 50 1495 ιο
59 1434 204 1497 calicem
229 1455 307 1496 cum
332 1435 498 1515 sanguine
522 1433 694 1496 dominico
718 1433 854 1496 cuidam
885 1431 988 1494 altari
1014 1431 1115 1493 iussit
1137 1431 1184 1492 in·

59 1522 156 1585 cludi
182 1527 216 1586 et
240 1543 302 1605 pro
325 1521 478 1604 reliquiis
501 1521 537 1583 in
561 1525 766 1604 perpetuum
799 1520 1002 1584 conservari.
1050 1519 1184 1583 Deinde

59 1611 188 1674 iterum
220 1631 298 1674 cum
329 1609 457 1693 populo
486 1610 621 1673 tamdiu
650 1611 694 1672 ad
723 1609 913 1673 orationem
943 1608 1182 1690 prosternitur,

60 1719 240 1781 quousque
264 1698 495 1761 subdiaconus
518 1720 539 1761 a
563 1698 721 1762 demonio
745 1692 970 1776 liberaretur]

173 1787 367 1851 Fridericus
390 1787 652 1850 archidiaconus
676 1784 978 1867 Constantinopoli
1001 1804 1184 1865 regressus,

24 1899 50 1937 1⁵
59 1876 122 1938 ubi
154 1875 322 1958 comperit
345 1875 495 1939 Leonem
526 1897 649 1958 papam
680 1875 840 1937 humanis
870 1873 972 1937 rebus
1003 1873 1184 1935 excessisse

59 1968 98 2027 et
114 1964 221 2026 alium
245 1965 315 2026 iam
332 1963 555 2027 ecclesiastici
579 1963 754 2046 regiminis
777 1963 852 2025 iura
873 1961 1070 2043 suscepisse,
1096 1961 1187 2023 dona

59 2053 220 2134 quidem.
253 2073 340 2133 quae
370 2053 433 2115 ab⁰
461 2053 667 2134 imperatore
698 2050 1084 2133 Constantinopolitano
1114 2070 1184 2131 per·

59 2142 248 2223 magnifica
283 2141 462 2204 deferebat
473 2142 493 2215 ²,
529 2140 714 2204 aecclesiae
749 2140 924 2203 Romanae
959 2138 1183 2219 consignavit,

59 2234 98 2293 et
128 2230 246 2292 statim
272 2229 365 2292 Urbe
396 2230 563 2293 excedens
590 2230 627 2290 in
657 2229 900 2292 monasterium
931 2220 1116 2291 Oasinumf
1150 2246 1184 2289 se
1198 2233 1275 2286 1655.

23 2318 245 2387 acontulitt
276 2318 326 2381 ibi
356 2318 517 2400 deinceps
541 2316 679 2380 Christo
710 2318 773 2380 sub
801 2320 940 2380 sanctae
965 2315 1186 2398 professionis

58 2406 170 2468 titulo
195 2406 417 2468 militaturus.
454 2405 554 2484 Quod
578 2406 710 2468 facturn
735 2405 824 2468 male
845 2404 999 2487 plerique
1022 2404 1185 2485 interpre-

59 2495 240 2557 tabantur.
277 2494 344 2557 Sed
361 2515 461 2558 nemo
485 2494 544 2575 qui
568 2514 688 2555 sanum
713 2494 869 2575 sapiebat
892 2492 994 2556 aliter
1017 2492 1083 2555 hoc
1107 2513 1183 2555 eum

61 2604 167 2664 quam
185 2583 306 2646 ardore
323 2583 403 2646 fidei
427 2585 462 2646 et
477 2582 572 2646 tedio
589 2581 795 2645 secularium
820 2581 1038 2662 negociorum
1063 2581 1185 2644 iecisse

62 2671 238 2746 credebat,
263 2671 443 2754 presertim
460 2691 537 2734 cum
554 2671 672 2734 eodem
697 2673 851 2751 tempore
876 2672 911 2732 et
935 2668 1028 2750 longi
1052 2669 1186 2732 itineris

26 2759 182 2822 salabore
207 2759 394 2822 exhaustus
418 2762 454 2822 et
477 2759 573 2841 gravi
589 2758 739 2840 corporis
763 2757 922 2820 molestia
945 2757 1102 2839 pulsatus
1126 2756 1185 2818 diu

63 2869 99 2911 se
125 2867 224 2930 posse
248 2847 361 2911 vivere
385 2848 592 2930 desperaret.

64 3054 194 3098 arcto-ren.
210 3056 257 3093 Ar.
326 3055 348 3102 b)
363 3054 415 3092 hua-
429 3056 473 3091 r'am
487 3066 555 3102 utapro
566 3054 674 3102 suarna
683 3055 730 3095 1.2.
746 3065 764 3090 r.
776 3065 801 3100 p.
817 3055 850 3095 61,
866 3065 886 3091 n.
898 3066 920 3102 q.
989 3055 1009 3100 c)
1025 3051 1187 3092 bina-rumh.

65 3108 88 3151 dl
102 3109 223 3156 corripitur
237 3108 283 3146 aa.
345 3109 366 3157 c)
380 3119 394 3146 a
408 3106 484 3147 Const.
500 3108 553 3156 imp.
569 3107 629 3146 Blh.
692 3109 710 3153 r)
723 3107 840 3146 Carsinum
854 3106 873 3144 Β
884 3108 903 3144 2.
919 3105 948 3144 11.
965 3105 993 3144 Ν.

67 3289 93 3350 l)
112 3285 177 3338 Srr'I.
196 3286 296 3336 Victori
311 3284 349 3339 ΙΙ.
365 3300 462 3350 pupae.
499 3283 580 3347 Haec,
600 3300 667 3349 quma
685 3285 721 3333 acl
739 3284 844 3334 terbum
863 3299 921 3334 cum
941 3282 1070 3333 ansoldi
1088 3283 1187 3336 Chaon.

39 3358 185 3420 1061654,
212 3355 260 3408 SS.
275 3356 305 3420 Υ,
327 3373 357 3421 p.
377 3357 430 3408 426
448 3372 486 3421 aq.
512 3357 674 3420 concernunt,
703 3357 731 3405 in
757 3356 878 3419 mumius
903 3354 998 3405 culatis
1024 3353 1189 3418 ‹rrrtoyrcplu'

67 3427 206 3492 tanqua
226 3432 317 3492 poam
342 3427 462 3492 simplem
488 3427 573 3489 siriam
595 3431 684 3491 parci,
712 3428 789 3489 siquo
809 3427 897 3490 proedo
924 3425 960 3474 ud
986 3422 1187 3488 Gebchardum,

66 3515 122 3548 cirin
149 3498 207 3549 alio
225 3497 278 3549 loco
304 3499 333 3548 in
350 3499 385 3562 A,
412 3498 467 3548 alio
490 3499 518 3547 iu
536 3497 608 3549 codd.
628 3496 653 3546 B
670 3513 701 3547 en-
720 3497 852 3561 lepcuuo·,
880 3511 923 3546 nec
944 3511 1089 3562 pronomen
1114 3492 1187 3546 Huic

67 3571 150 3619 {extro
167 3568 308 3633 Lconperrr'
324 3569 465 3620 concerdat.
503 3568 556 3619 Nec
573 3584 637 3618 scine
655 3568 716 3618 stilo
728 3567 902 3631 Lanqmrino
920 3565 982 3616 haec
1000 3567 1100 3630 scripta
1117 3573 1186 3618 arent.

68 3640 117 3690 Sed
133 3655 168 3691 ar
179 3639 310 3690 codicibus
321 3638 462 3704 lacrimari
479 3639 541 3689 hoec
556 3640 752 3704 exscripserunt
770 3638 841 3689 Ana.
856 3639 929 3687 Saxo
947 3653 971 3689 a.
984 3638 1061 3700 1655,
1079 3637 1127 3689 SS.
1142 3637 1186 3701 VI,

41 3721 60 3758 a
65 3727 91 3775 p.
110 3712 172 3775 696,
199 3715 222 3760 ct
245 3710 335 3772 frater
357 3709 680 3775 l!a·n0rErphor‹1ansu
705 3711 733 3758 in
752 3707 850 3760 Chaon.
871 3707 984 3770 Minore,
1011 3707 1060 3760 SS.
1079 3707 1185 3772 XXIV,

64 3798 91 3845 p.
112 3782 165 3835 189
184 3797 232 3845 sq,
262 3779 305 3830 bic
329 3796 361 3830 ex
382 3780 466 3830 codice
489 3781 516 3834 S.
536 3781 611 3832 Petri
628 3779 848 3845 Etphordiensis.
885 3778 936 3830 Sed
954 3778 1049 3831 Heba:
1068 3779 1099 3828 de
1117 3778 1187 3829 Her·-

69 3852 170 3915 rordr'a,
189 3853 238 3916 qai
248 3867 276 3915 p.
288 3853 348 3906 166.
359 3851 544 3916 praecedentia·
560 3853 700 3917 exscripsit
715 3853 750 3913 (ct
763 3866 821 3900 cum
834 3851 858 3900 A
872 3849 947 3900 buter
960 3847 1105 3914 datisque),
1125 3849 1188 3901 haec

69 3938 118 3972 non
135 3921 251 3987 praebet.
323 3924 351 3985 2)
370 3922 414 3984 c'f.
433 3922 485 3973 Leo
504 3922 594 3975 casin.
614 3922 652 3985 ΙΙ,
667 3923 710 3986 85,
731 3920 778 3974 SS.
794 3920 854 3983 VII,
871 3938 900 3985 p.
914 3922 974 3974 686.
1013 3921 1065 3983 Qui
1082 3921 1187 3984 quoidam

67 3993 158 4043 scribit
180 3992 205 4042 Τ
203 3993 377 4043 ›usrnundrun
402 3994 518 4044 currulem
540 3994 677 4043 chdae‘ruun
698 3993 792 4056 leporis
810 3993 894 4055 captis
919 3992 1008 4041 ourm'a
1034 4006 1100 4055 qaae
1118 3991 1187 4052 fere·

39 4064 128 4113 utun!
157 4062 304 4128 sarreriae,
333 4064 378 4115 sed
404 4080 424 4116 c.
443 4066 486 4117 86.
517 4063 580 4113 <lieu
608 4064 779 4114 Fridcricrun
807 4061 1035 4126 Consanrinopolr
1062 4077 1186 4125 ›rrapnum

64 4136 204 4199 maasiam
223 4149 307 4185 aarum
323 4140 452 4199 portasse.
490 4134 534 4196 cf.
554 4136 624 4187 Ama
646 4135 729 4198 Rom„
750 4132 798 4185 SS.
818 4133 846 4197 V,
863 4149 891 4196 p.
911 4134 972 4184 476.
1053 4135 1080 4197 3)
1100 4131 1188 4182 Menae

68 4204 145 4255 Iunio
163 4221 189 4258 (ι.
204 4207 282 4260 1655.
301 4206 341 4255 rel
354 4206 439 4270 pardo
454 4211 521 4271 posi.
555 4206 619 4256 Vide
636 4205 711 4270 apud
728 4204 839 4255 Iaeoucm
859 4203 948 4255 Casia.
969 4201 1065 4267 11,80,
1085 4219 1137 4267 qun
1157 4203 1188 4253 de

67 4292 146 4326 carisa
167 4278 195 4326 in
215 4278 402 4328 rarormsierr'um
421 4279 559 4330 merserit.
596 4276 784 4340 (Pririleqium
802 4275 915 4324 Victoris
934 4273 972 4327 II.
989 4290 1077 4338 pupae
1095 4275 1186 4323 clatum

68 4363 91 4400 a.
104 4348 185 4408 1655,
206 4347 259 4401 Oct.
271 4349 314 4403 29.
330 4363 382 4413 per
400 4364 507 4398 ruaaum
526 4347 608 4399 haiim
620 4347 757 4398 Ibu'dericr'
773 4345 936 4407 emedzar-u,
957 4344 1036 4407 Juffd
1052 4361 1094 4397 ur.
1107 4347 1186 4408 4339,

37 4419 209 4481 aqenuirram
229 4434 280 4469 non
297 4424 354 4483 est).

956 4523 973 4574 5
