2842 5026
224 427 259 480 90
497 421 697 476 LAMPERTI
715 420 904 477 ANNALBS.
941 422 978 477 A.
997 423 1076 477 1063.

137 612 213 665 106⁵.
224 609 321 667 ruma
354 605 517 667 nnumin
534 597 785 667 Kenbete11¹'·¹.
825 604 940 686 Igitur
958 603 1152 668 Premensis
1180 605 1348 687 archiepi-

225 713 357 776 scopus,
386 697 426 756 ut
450 696 559 755 totam
584 692 748 755 tirannidi
773 713 854 756 suae
877 695 1057 757 vacantem
1083 694 1246 757 redderet
1269 692 1348 756 Cor·

225 781 416 845 beienseme
452 780 644 855 abbatiam,
680 780 860 843 ridiculam
896 784 1151 844 commentatur
1177 781 1346 845 fabulam.

225 870 466 933 Disseminatis
490 890 551 951 per
574 869 697 931 curtim
705 863 719 905 ‘¹
739 869 868 950 regiam
885 870 1079 933 rumoribus
1096 869 1257 951 divulgat
1280 871 1347 952 epi·

225 979 364 1041 scopum
380 958 530 1020 civitatis
547 957 723 1020 cuiusdam
741 957 1015 1040 lbarrsalpinael,
1037 958 1094 1022 cui
1114 958 1199 1022 Pole
1220 979 1372 1022 nomena

225 1051 293 1119 est,
326 1047 484 1108 humanis
515 1046 616 1108 rebus
640 1045 831 1109 excessisse.
883 1044 975 1108 Huic
1002 1067 1242 1119 successorem,
1276 1068 1338 1130 per

225 1155 324 1197 suaso
355 1155 451 1216 rege,
484 1133 648 1215 subrogat
678 1133 838 1197 abbatem
864 1132 1136 1211 Corbeiensem³‚
1168 1135 1346 1217 iubetque,

225 1226 265 1284 ut
281 1224 483 1286 destitutam
501 1225 633 1285 rectore
657 1221 856 1285 aecclesiam
882 1223 1087 1303 quantocius
1107 1227 1164 1287 eat
1189 1223 1347 1287 invisere.

225 1311 352 1374 Verum
384 1311 475 1374 inter
498 1332 625 1385 moras,
657 1310 781 1391 quibus
811 1310 871 1373 ille
895 1311 1011 1374 itineri
1035 1312 1228 1375 necessaria
1253 1333 1348 1394 para·

225 1399 301 1474 bat,
334 1400 415 1461 dum
446 1398 585 1480 quidam
617 1398 659 1461 de
690 1398 796 1460 Italia
827 1399 1003 1462 venientes
1034 1400 1250 1483 episcopum,
1288 1401 1348 1482 qui
1361 1422 1387 1460 ro

225 1492 380 1551 mortuus
397 1488 510 1550 dictus
534 1488 658 1556 fuerat,
684 1488 796 1549 vivum
822 1490 857 1550 ct
881 1488 1088 1552 incolumem
1112 1489 1348 1565 nunciassent,

225 1576 366 1639 irridere
397 1596 514 1638 ‹nnnes
544 1579 579 1638 et
603 1575 768 1638 detestari
795 1575 952 1639 fraudem
978 1576 1229 1659 archiepiscopi
1253 1597 1348 1658 cepe·

225 1668 340 1727 rnntl.
391 1664 477 1725 rum
513 1662 598 1726 Otto
637 1663 706 1725 dux
742 1663 976 1726 Baioariorum
1012 1665 1056 1727 ad
1092 1665 1348 1747 prohibendum

224 1757 361 1816 tantum
386 1753 484 1815 nefas
504 1752 619 1815 divino
644 1752 767 1834 spiritu
791 1752 963 1815 animatus
973 1754 994 1825 ⁴.
1020 1752 1140 1816 multis
1164 1754 1349 1816 conatibus

225 1842 489 1922 circumquaque
514 1840 699 1922 explicitis,
729 1841 784 1902 vix
814 1844 850 1903 et
873 1861 975 1921 aegre
1005 1841 1173 1917 obtinuit,
1203 1846 1243 1904 ut-
1274 1846 1348 1904 tam
1361 1864 1387 1902 a

225 1930 344 1992 abbati
382 1950 484 2010 quam
524 1929 730 1992 monasterio
766 1927 963 1992 Corbeiensi
1003 1950 1085 1991 suus
1124 1930 1244 1995 honor.
1285 1951 1347 1992 sua

225 2018 377 2100 dignitas
408 2017 588 2080 incolumis
619 2020 822 2080 servaretur.
869 2016 975 2080 Porro
1006 2039 1083 2081 cum
1115 2019 1149 2080 in
1180 2023 1349 2081 monaste·

225 2107 313 2169 rium
334 2106 506 2168 Laurense
530 2105 698 2169 satellites
721 2105 968 2189 archiepiscopi
986 2106 1160 2170 venissent
1184 2107 1349 2170 nuncian-

225 2199 287 2267 tes,
319 2195 409 2276 quod
441 2195 536 2273 regia
559 2194 745 2257 donatione
769 2195 864 2257 locus
888 2195 960 2276 ipse
988 2195 1024 2257 in
1048 2195 1101 2258 ius
1125 2199 1348 2278 potestatem·

225 2304 290 2366 que
314 2283 562 2364 archiepiscopi
587 2283 818 2349 concessisset.
844 2283 1079 2365 iuberentque,
1105 2288 1143 2345 ut
1164 2284 1293 2346 abbas⁵
1318 2285 1389 2347 eico

225 2372 415 2435 constituto
440 2371 514 2433 loco
538 2392 608 2433 uon
632 2370 855 2453 pigritaretur
878 2392 1072 2447 occurrere,
1104 2375 1224 2434 tantus
1248 2372 1350 2435 dolor

225 2464 260 2524 et
284 2460 477 2539 indignatio
502 2480 618 2523 omnes
642 2459 784 2525 invasit.
817 2462 856 2520 ut
884 2480 946 2523 nec
971 2460 1129 2523 rara-nibus
1152 2460 1188 2522 in
1213 2460 1350 2541 legatos

224 2549 316 2631 ipsos
332 2552 590 2630 temperassent,
617 2547 681 2609 nisi
698 2548 751 2608 ius
767 2547 922 2626 gentium
941 2547 1017 2629 plus
1034 2569 1135 2629 quam
1156 2549 1208 2611 ira
1224 2549 1348 2611 valuis-

225 2643 287 2701 set.
342 2636 597 2698 t'ontnmeliosc
637 2636 763 2710 auditi,
801 2636 1082 2699 contumeliosius
1117 2637 1229 2698 multo
1265 2643 1349 2699 sunt

225 2726 367 2788 dimissi.
407 2724 506 2802 Quod
527 2728 705 2806 postquam
732 2725 803 2805 regi
828 2725 1028 2786 nunciatum
1047 2730 1107 2794 est.
1135 2726 1245 2787 missis
1270 2726 1389 2789 aliises

225 2814 360 2877 nunciis
384 2814 483 2875 iussit
507 2813 624 2875 abbati
650 2813 712 2874 sub
729 2813 1010 2876 interminatione
1034 2813 1156 2876 salutis
1176 2815 1348 2896 propriae,

226 2907 265 2964 nt
282 2902 422 2965 ablmtia
446 2924 480 2964 se
498 2902 674 2964 abdicaret
690 2902 905 2982 festinusque
931 2903 1136 2965 monasterio
1153 2904 1349 2966 excederet.

228 2991 301 3058 Ille,
328 2994 512 3072 comperta,
543 2991 738 3072 priusquam
764 2990 870 3071 legati
895 2984 1130 3066 advenirentf,
1159 2992 1250 3072 regis
1276 3012 1349 3055 sen-

225 3080 352 3152 tentia,
386 3079 533 3159 benigne
564 3099 621 3141 eos
652 3078 778 3159 suscipi
809 3079 909 3140 iussit
933 3083 1035 3160 atque
1060 3079 1094 3140 in
1120 3080 1209 3142 diem
1237 3084 1349 3161 poste·

225 3190 298 3231 rum
326 3189 440 3230 eorum
467 3188 553 3248 quae
578 3168 612 3229 in
638 3167 809 3228 mamlatis
834 3167 1009 3230 habebant
1040 3168 1253 3231 audientiam
1283 3169 1387 3233 dis-ao

226 3257 318 3319 tulit.
365 3257 476 3318 Nocte
512 3256 630 3338 paucis
665 3255 729 3318 sibi
765 3255 930 3318 abhibitis
961 3257 1041 3318 inde
1077 3256 1273 3321 discedens,
1312 3257 1349 3318 in

224 3346 300 3408 loco
325 3345 507 3414 tutissima,
532 3344 691 3407 omnibus
715 3348 830 3425 preter
853 3344 1036 3406 admodum
1062 3366 1189 3426 pancos
1214 3345 1348 3425 ignora-

225 3439 316 3501 tuse,
342 3455 376 3496 se
400 3434 546 3514 recepit,
580 3454 656 3496 cum
682 3436 716 3495 et
741 3433 835 3514 prins
859 3453 975 3495 <mines
1000 3433 1185 3496 aecclesiae
1210 3434 1348 3497 thesau-

225 3544 280 3585 ros
305 3521 461 3584 clanculo
493 3513 710 3603 exportatos¹¹
745 3522 781 3581 in
812 3524 928 3582 tutum
953 3520 1108 3584 locasset.
1158 3522 1212 3583 lta
1237 3522 1347 3603 legati

226 3675 474 3721 slSuueuorumBllJ.
514 3676 735 3720 lillienbettenBl.
777 3675 1007 3717 ‹sidorlaaallm
1050 3674 1232 3721 arsurumne.
1276 3676 1385 3715 escere

227 3730 332 3778 pereas.
372 3729 388 3774 s)
403 3729 501 3766 venirent
512 3740 570 3766 corr.
582 3727 730 3767 adren.Bl¹¹.
770 3728 1073 3776 a)paricletus-omittendi.
1115 3728 1348 3778 hideporratoslill'.

229 3857 253 3915 ll
270 3854 366 3903 Eadem
386 3869 456 3902 (ωηο
473 3853 550 3902 (lotoe
569 3860 629 3901 sum
647 3854 791 3903 Hinlmrdo
808 3855 925 3919 episcopo
943 3854 1066 3919 Spirrnsi
1083 3854 1205 3904 abbatiae
1219 3854 1348 3904 landar-

226 3927 313 3989 9casr's
331 3931 353 3974 ct
372 3928 398 3976 S,
419 3924 554 3973 lmmlmii
570 3924 612 3973 die
629 3925 698 3988 nup.
718 3926 753 3977 ab
770 3927 821 3975 (St.
841 3926 919 3977 eliso.
937 3926 1034 3988 26⁸1),
1056 3925 1173 3977 alanino
1187 3925 1350 3975 Brirr'nmst'

226 3997 333 4046 abactio
349 3995 524 4058 l'olliwcnse's
541 3995 583 4044 die
596 3995 655 4047 Iun.
672 3999 701 4048 ll
717 3995 767 4050 (Si.
781 3997 873 4058 2671),
895 3995 1062 4045 Ellcnhurdo
1075 3996 1248 4059 Fresinpenai
1265 3997 1348 4046 Bene-

226 4067 399 4116 ddrolnormu
421 4069 489 4129 „laq
507 4070 538 4118 ld
556 4067 607 4119 (St.
625 4069 716 4127 2679),
736 4066 866 4116 Κιιηιοῖιίο
886 4068 1081 4117 (malancena
1097 4067 1206 4117 obbotdr
1221 4067 1384 4125 ilhelmo-⁴0

225 4140 331 4203 praesis.
354 4139 442 4200 Meyer
456 4155 477 4190 r.
493 4138 608 4187 Kmmau
624 4137 645 4199 Ι,
661 4157 688 4203 p.
699 4140 759 4189 soa
827 4142 854 4190 ⁸2}
873 4137 1101 4200 llepr'npoudium,
1122 4144 1149 4186 ut
1166 4138 1279 4199 radetur,
1298 4140 1350 4203 qui

227 4211 340 4257 ou'dm'l
357 4211 383 4257 ae'n
398 4209 490 4258 charla
510 4224 535 4260 (ι,
552 4211 617 4260 1061
632 4210 665 4263 (Ὗ
672 4208 716 4260 'od
730 4208 794 4272 dipl.
812 4207 960 4265 lsbr‘uno').
991 4209 1054 4258 Iure
1066 4209 1128 4258 had·
1141 4209 1238 4271 refellit
1254 4208 1347 4272 Dchl'o,

226 4281 326 4332 ‘Grada
346 4280 370 4331 d.
394 4279 472 4331 lira-b,
495 4278 777 4343 llamlmrq-chrnen'
798 4279 820 4337 Ι,
843 4280 916 4332 Arra.
932 4296 959 4343 p.
978 4281 1021 4332 43.
1109 4283 1137 4337 a)
1157 4279 1347 4332 Sorarlronem.

226 4353 254 4415 4)
274 4351 354 4400 loram
379 4352 515 4400 (insinuatus
539 4350 627 4413 officio
649 4356 672 4399 et
697 4350 828 4400 conornodo
852 4366 911 4413 suto,
939 4366 997 4400 cum
1022 4352 1164 4402 adamae
1189 4352 1349 4402 »ramses

228 4421 388 4470 (ardanna
406 4427 484 4481 esaar,¹
510 4422 543 4482 cf.
564 4421 689 4485 Mehmel,
714 4420 783 4472 ‘Otto
802 4436 848 4471 ron
868 4421 1025 4472 Nordboim'
1043 4424 1127 4484 (Gdtt.
1148 4423 1231 4480 1870)
1247 4440 1275 4488 p.
1295 4424 1383 4483 28:45

227 4491 361 4542 memma·
377 4509 404 4557 p.
419 4494 467 4552 17,·
487 4493 576 4555 Meyer
595 4510 616 4545 a
636 4493 753 4543 Knouau
773 4492 795 4555 1,
812 4509 840 4558 p.
857 4493 910 4545 479
923 4509 976 4558 sqq.
1061 4493 1088 4557 ὁ)
1110 4493 1262 4546 [scutram.
