2842 5026
423 403 624 460 LAMPERTI
640 404 831 461 mm
866 408 904 463 Δ.
923 410 1001 464 1οΐ6.
1224 413 1278 466 ’ἴῖὂ

143 586 359 667 suspicatus.
406 586 589 650 Interdum
612 589 717 651 etiarn
745 590 783 651 in
805 610 936 657 nemus.
966 590 1059 672 quod
1089 591 1275 655 munitioni
1286 590 1363 643 loss

145 675 358 756 contiguum
382 677 466 751 erat,
491 679 654 739 venatum
671 697 827 760 pergem.
850 678 1031 760 impositos
1046 680 1151 761 equis.
1177 659 1416 742 euius‘fflffl

148 761 201 823 rei
230 763 371 825 vixdum
402 767 498 827 aetas
528 765 668 847 paciens
697 770 782 839 erat,
813 786 929 830 secum
959 767 1009 829 ire
1039 768 1274 848 permittebat.

150 851 193 910 ut
218 871 398 934 oppressas
429 872 560 917 merore
591 873 630 916 ac
660 854 756 916 tedio
779 858 913 917 mentes
936 855 1002 917 hoc
1025 856 1275 919 advocamento

129 943 359 1003 areerearent.
406 939 494 1003 Cum
525 941 591 1005 hoc
621 942 736 1024 sepius
765 942 906 1007 faceret.
942 943 1157 1006 consuetudo
1192 945 1275 1006 fidu-

150 1025 252 1101 ciam,
279 1028 405 1090 fiducia
428 1029 630 1093 custodibus
653 1031 874 1094 securitatem
898 1031 1065 1113 pariebat.
1090 1036 1130 1093 nt
1154 1032 1203 1094 eis
1226 1033 1274 1094 in·

151 1113 356 1198 dulgentius
390 1117 427 1178 in
463 1117 536 1181 dies
566 1117 746 1200 diligentis
775 1119 953 1182 custodiae
987 1120 1087 1182 frena
1117 1119 1273 1183 laxarent

152 1205 188 1264 et
211 1204 398 1287 absumpta
426 1206 495 1267 iam
526 1207 620 1268 omni
650 1207 855 1289 suspicione.
886 1208 1049 1289 quicquid
1073 1207 1273 1275 voluissent.

152 1290 258 1354 etiam
289 1292 417 1375 absque
448 1293 588 1357 arbitris
618 1315 676 1358 eos
705 1315 808 1377 agere
838 1299 1051 1377 paterentur.
1098 1295 1274 1378 Cepernut

125 1399 146 1440 ιο
152 1377 270 1461 igitur,
290 1381 499 1464 ubicumque
518 1385 655 1465 tempus
670 1388 706 1447 et-
723 1383 837 1447 locum
854 1385 1075 1447 secreciorem
1092 1385 1187 1447 nacti
1202 1385 1274 1448 fue

154 1472 240 1541 rant,
259 1489 433 1533 sermones
446 1476 658 1537 conserere‘.
677 1472 810 1554 patriae
826 1476 1077 1554 parentumque
1088 1473 1271 1543 reeordari,

156 1552 463 1639 peregrinationis
490 1559 667 1622 molestias
697 1559 877 1642 deplorare
908 1566 959 1629 et,
993 1565 1035 1622 ut
1070 1581 1132 1642 pro
1161 1561 1274 1625 salute

157 1662 213 1707 sua
237 1645 370 1728 aliquid
395 1646 470 1710 Deo
493 1649 633 1730 auspice
656 1652 874 1717 conarentur,
899 1649 1029 1711 mutuis
1051 1669 1088 1711 se
1111 1650 1274 1712 suasioni·

156 1729 213 1795 bus
238 1734 396 1799 incitare.
436 1733 595 1814 Quadam
618 1756 700 1819 ergo
723 1736 790 1803 die.
815 1757 894 1799 cnm
917 1737 1014 1799 iuxta
1037 1737 1178 1800 solitum
1202 1759 1274 1820 pre

128 1819 266 1885 edictus
291 1822 532 1887 Eberhardusc
561 1845 677 1888 secum
708 1826 894 1908 assumptis
924 1825 974 1888 eis
1002 1829 1167 1888 renatum
1190 1827 1274 1889 exis-

150 1913 215 1983 set,
255 1914 293 1974 et
327 1912 371 1974 ad
405 1912 657 1988 insectandam,
689 1934 777 1995 quae
807 1934 888 1976 casu
919 1916 1130 1979 occurrerat.
1162 1914 1272 1976 feram

142 2016 280 2069 omnes,
305 2003 345 2062 ut
369 2001 443 2063 lieri
466 1999 603 2069 assolet,
635 2002 822 2065 inconditis
846 2001 1063 2065 clamoribus.
1094 2002 1272 2065 ferventis·

138 2085 244 2149 simis
269 2089 395 2151 studiis
419 2090 670 2156 discurrissent.
701 2089 839 2173 pueruli
862 2090 923 2151 nbi
945 2111 981 2152 se
1005 2089 1096 2152 solos
1119 2090 1271 2154 adverte·

129 2179 241 2245 runt,
275 2176 454 2240 custodem
484 2178 629 2252 nullum,
662 2198 719 2241 eos
746 2179 806 2260 qni
828 2178 931 2240 simul
954 2182 1117 2241 venatum
1142 2199 1271 2260 proces-

129 2268 267 2327 serant
298 2265 444 2327 aliarum
474 2287 588 2330 rernm
623 2267 849 2331 immemores.
886 2266 951 2329 soli
981 2286 1068 2348 quae
1103 2268 1272 2350 agebatur

125 2353 327 2416 venationi
361 2354 620 2430 intentissimos,
657 2355 796 2436 quantis
830 2357 976 2437 possunt
1009 2354 1140 2418 viribus
1175 2357 1271 2437 equis

125 2440 304 2504 subdunt
335 2442 496 2517 calcaria,
528 2463 589 2525 per
618 2443 791 2506 condensa
823 2443 1000 2515 silvarum,
1032 2464 1094 2524 per
1123 2443 1272 2526 abrupta

125 2530 330 2605 montium,
362 2551 423 2613 per
452 2552 603 2594 concava
632 2530 785 2595 vallium.
817 2530 962 2613 periculi
992 2532 1044 2593 sui
1075 2531 1129 2595 vel
1164 2532 1268 2614 negli-

128 2622 271 2699 gentes
300 2618 355 2681 vel
387 2622 651 2702 contemptores.
683 2620 777 2682 dicto
806 2620 913 2683 cicius
944 2619 1099 2695 evolant;
1135 2641 1198 2684 nec
1233 2621 1270 2682 in

134 2709 283 2769 certum
313 2707 463 2788 aliquem
495 2707 608 2770 locum
632 2708 782 2790 regionis
805 2708 917 2790 ignari
941 2729 1078 2771 cursum
1102 2708 1267 2790 dirigunt,

137 2789 229 2857 sed‘l
258 2794 383 2857 laxatis
405 2800 536 2860 temere
560 2797 714 2870 habenis,
746 2816 960 2878 quocumque
991 2797 1140 2878 impetus
1164 2817 1269 2878 equos

138 2881 295 2951 ferebat,
327 2884 512 2967 precipites
540 2889 658 2946 ruunt.
706 2882 817 2948 Celeri
846 2905 948 2947 cursu
977 2884 1178 2947 transmisso
1214 2904 1268 2947 ne·

143 2992 242 3034 more
266 2972 310 3034 ad
326 2972 498 3035 Moinem⁰
521 2966 712 3053 [fluvinm‘l
730 2973 945 3054 perveniunt,
971 2973 1174 3054 piscatorem
1194 2971 1267 3034 illic

143 3060 332 3124 offendunt
366 3061 403 3122 in
438 3063 567 3143 scapha
601 3061 808 3143 piscatoriag
845 3061 997 3143 capturis
1026 3051 1193 3141 pisciumh
1220 3059 1267 3120 in·

125 3147 377 3223 >cumbentem‚
403 3150 502 3212 evehi
526 3170 562 3213 se
578 3143 810 3231 Mogontiam¹
834 3151 969 3231 petunt,
994 3147 1157 3210 clamides
1176 3167 1264 3223 suas,

144 3237 273 3318 quibus
289 3237 534 3312 vestiebantur,
560 3239 722 3320 quoniam
738 3236 833 3300 aliud
856 3238 893 3298 in
910 3239 1071 3317 promptu
1095 3255 1165 3296 non
1181 3239 1265 3302 erat.

145 3326 334 3388 evectionis
357 3326 511 3409 precium
535 3327 697 3389 offerunt.
736 3325 803 3387 Ille
827 3324 881 3387 vel
904 3323 1019 3406 precio
1042 3321 1188 3385 allectus
1211 3324 1265 3386 vel

144 3413 367 3478 miseratione
391 3414 662 3497 periclitantium
688 3416 922 3495 permotus-
938 3411 1004 3474 hoc
1028 3411 1120 3474 enim
1144 3415 1265 3475 extre

145 3501 325 3584 pidatione
355 3506 390 3566 et
421 3507 557 3566 caetero
581 3502 733 3585 corporis
755 3504 856 3582 gestu
878 3499 982 3563 facile
1006 3499 1200 3563 coniciebat
1223 3534 1265 3542 -

125 3590 296 3672 sbenigne
326 3591 362 3653 in
392 3591 587 3654 naviculam
616 3589 768 3672 suscepit
796 3594 831 3652 et
861 3587 1082 3661 utensilibus,
1112 3609 1199 3671 quae
1228 3589 1266 3651 in

145 3678 306 3742 navicula
329 3683 442 3756 erant,
474 3680 672 3762 adopertos,
704 3699 747 3742 ne
772 3677 904 3742 scilicet
934 3677 977 3740 ab
1004 3677 1265 3759 insequentibus

144 3771 424 3850 agnoscerentur,
448 3761 698 3850 Mogontiamk,
724 3770 763 3829 ut
782 3787 820 3829 ro
866 3769 997 3842 verant,
1017 3766 1139 3829 evexit.
1176 3765 1264 3848 Equi

145 3875 273 3930 eorum,
297 3856 445 3918 transito
461 3877 571 3928 amne,
595 3857 632 3917 in
648 3855 812 3919 ulteriore
852 3856 929 3938 ripa
950 3855 1048 3917 iuxta
1070 3853 1264 3917 naviculum

125 3943 301 4005 rmimmffl
325 3944 362 4005 in
386 3945 526 4007 modum
550 3945 728 4007 moderato
752 3943 861 4025 gradu
886 3941 1125 4016 decurrebant,
1149 3942 1200 4002 ita
1223 3945 1264 4002 ut

125 4057 134 4093 ι
144 4052 223 4095 cum
254 4036 358 4096 eunte
382 4032 542 4096 navicula
571 4032 701 4115 pariter
723 4032 823 4108 irent,
855 4052 933 4094 cum
961 4029 1170 4093 subsistente
1194 4023 1264 4110 'pa-

143 4223 166 4268 ι)
179 4221 282 4261 conterre
297 4221 316 4259 B
325 4221 356 4263 lb.
411 4222 435 4267 b)
448 4222 642 4271 perigrlnaclonir,
657 4231 669 4260 ο
682 4230 789 4270 cupam.
802 4229 859 4260 corr.
873 4227 960 4267 persgr.
969 4214 1030 4258 Blb.
1083 4216 1104 4264 c)
1118 4216 1263 4257 uvormrdm

144 4274 215 4315 Bm.
270 4274 293 4320 d)
307 4275 325 4314 sl
339 4274 400 4317 1³11».
454 4279 476 4322 e)
490 4281 587 4314 montem
600 4275 664 4322 B1⁸;
679 4275 779 4313 siconem
794 4273 827 4314 cd.
836 4273 904 4321 prlcr
913 4279 1039 4320 perperam
1089 4270 1107 4316 l)
1120 4271 1177 4310 (lem
1190 4270 1264 4313 Bm.

143 4329 166 4375 ς)
179 4328 285 4375 piscatori
300 4328 319 4366 B
328 4328 359 4370 lb.
428 4330 451 4376 h)
469 4326 623 4368 intendentem
638 4328 696 4374 add„
710 4327 748 4366 nd
761 4326 828 4365 mino
841 4325 882 4367 dcl.
896 4325 953 4367 131¹.
1019 4323 1036 4372 l)
1049 4323 1191 4373 uoguncum
1204 4322 1263 4367 310,

125 4379 167 4428 ἢ)
181 4382 318 4429 moganum
333 4382 395 4425 131⁸.
448 4383 464 4431 l)
478 4382 586 4422 ulterlora
600 4381 647 4425 112.
704 4379 736 4431 m)
750 4380 830 4419 miram
843 4398 870 4408 -
883 4377 988 4418 uvion·
1001 4377 1035 4417 δὴ
1047 4388 1090 4420 κν.
1103 4376 1163 4420 111».

996 4467 1049 4522 18*
