<?xml version="1.0" encoding="UTF-8"?>
<!DOCTYPE html PUBLIC "-//W3C//DTD XHTML 1.0 Transitional//EN"
    "http://www.w3.org/TR/xhtml1/DTD/xhtml1-transitional.dtd">
<html xmlns="http://www.w3.org/1999/xhtml" xml:lang="en" lang="en">
 <head>
  <title>
</title>
<meta http-equiv="Content-Type" content="text/html;charset=utf-8" />
  <meta name='ocr-system' content='tesseract 3.04.00' />
  <meta name='ocr-capabilities' content='ocr_page ocr_carea ocr_par ocr_line ocrx_word'/>
</head>
<body>
  <div class='ocr_page' id='page_1' title='image "./lambertimonachi00hersgoog_0232.png"; bbox 0 0 2842 5026; ppageno 0'>
   <div class='ocr_carea' id='block_1_1' title="bbox 436 375 1288 431">
    <p class='ocr_par' dir='ltr' id='par_1_1' title="bbox 436 375 1288 431">
     <span class='ocr_line' id='line_1_1' title="bbox 436 375 1288 431; baseline -0.002 -1"><span class='ocrx_word' id='word_1_1' title='bbox 436 375 637 430; x_wconf 75' lang='lat' dir='ltr'>Larffaarr</span> <span class='ocrx_word' id='word_1_2' title='bbox 654 375 844 430; x_wconf 79' lang='lat' dir='ltr'>ANNALES.</span> <span class='ocrx_word' id='word_1_3' title='bbox 880 377 915 431; x_wconf 77' lang='lat' dir='ltr'>A.</span> <span class='ocrx_word' id='word_1_4' title='bbox 936 379 1013 431; x_wconf 79' lang='lat'>1073.</span> <span class='ocrx_word' id='word_1_5' title='bbox 1237 377 1288 429; x_wconf 76' lang='lat'>157</span> 
     </span>
    </p>
   </div>
   <div class='ocr_carea' id='block_1_2' title="bbox 125 537 1378 4083">
    <p class='ocr_par' dir='ltr' id='par_1_2' title="bbox 125 537 1378 4083">
     <span class='ocr_line' id='line_1_2' title="bbox 184 537 1378 653; baseline 0.002 -34"><span class='ocrx_word' id='word_1_6' title='bbox 184 576 286 642; x_wconf 71' lang='lat' dir='ltr'>regem</span> <span class='ocrx_word' id='word_1_7' title='bbox 310 561 424 623; x_wconf 86' lang='lat' dir='ltr'>adhuc</span> <span class='ocrx_word' id='word_1_8' title='bbox 440 558 648 623; x_wconf 86' lang='lat' dir='ltr'>Herveldiae</span> <span class='ocrx_word' id='word_1_9' title='bbox 673 559 901 622; x_wconf 88' lang='lat' dir='ltr'>constitutum</span> <span class='ocrx_word' id='word_1_10' title='bbox 926 563 1181 622; x_wconf 88' lang='lat' dir='ltr'>concurrerunt.</span> <span class='ocrx_word' id='word_1_11' title='bbox 1221 560 1286 621; x_wconf 81' lang='lat' dir='ltr'>Rii-</span> <span class='ocrx_word' id='word_1_12' title='bbox 1298 537 1378 653; x_wconf 49' lang='lat'>{233</span> 
     </span>
     <span class='ocr_line' id='line_1_3' title="bbox 192 641 1287 730; baseline 0.002 -20"><span class='ocrx_word' id='word_1_13' title='bbox 192 648 307 712; x_wconf 68' lang='lat' dir='ltr'>dollus⁸</span> <span class='ocrx_word' id='word_1_14' title='bbox 338 649 408 710; x_wconf 87' lang='lat' dir='ltr'>dux</span> <span class='ocrx_word' id='word_1_15' title='bbox 439 648 627 711; x_wconf 86' lang='lat' dir='ltr'>Suevorum</span> <span class='ocrx_word' id='word_1_16' title='bbox 658 669 736 710; x_wconf 91' lang='lat' dir='ltr'>cum</span> <span class='ocrx_word' id='word_1_17' title='bbox 767 647 934 730; x_wconf 90' lang='lat' dir='ltr'>episcopis</span> <span class='ocrx_word' id='word_1_18' title='bbox 964 641 1110 719; x_wconf 69' lang='lat' dir='ltr'>Rhenil,</span> <span class='ocrx_word' id='word_1_19' title='bbox 1143 648 1287 713; x_wconf 86' lang='lat' dir='ltr'>Sueviae</span> 
     </span>
     <span class='ocr_line' id='line_1_4' title="bbox 195 736 1287 822; baseline -0.003 -20"><span class='ocrx_word' id='word_1_20' title='bbox 195 745 276 822; x_wconf 84' lang='lat' dir='ltr'>atque</span> <span class='ocrx_word' id='word_1_21' title='bbox 292 737 469 800; x_wconf 88' lang='lat' dir='ltr'>Baioariae</span> <span class='ocrx_word' id='word_1_22' title='bbox 493 737 585 799; x_wconf 85' lang='lat' dir='ltr'>circa</span> <span class='ocrx_word' id='word_1_23' title='bbox 600 737 812 818; x_wconf 86' lang='lat' dir='ltr'>Mogontiam</span> <span class='ocrx_word' id='word_1_24' title='bbox 833 736 953 798; x_wconf 85' lang='lat' dir='ltr'>castris</span> <span class='ocrx_word' id='word_1_25' title='bbox 978 737 1098 818; x_wconf 87' lang='lat' dir='ltr'>positis</span> <span class='ocrx_word' id='word_1_26' title='bbox 1123 738 1287 800; x_wconf 86' lang='lat' dir='ltr'>nuncium</span> 
     </span>
     <span class='ocr_line' id='line_1_5' title="bbox 199 825 1287 913; baseline -0.005 -21"><span class='ocrx_word' id='word_1_27' title='bbox 199 830 266 913; x_wconf 79' lang='lat' dir='ltr'>regis</span> <span class='ocrx_word' id='word_1_28' title='bbox 280 826 541 910; x_wconf 71' lang='lat' dir='ltr'>prestolabatur,</span> <span class='ocrx_word' id='word_1_29' title='bbox 567 846 627 907; x_wconf 91' lang='lat' dir='ltr'>per</span> <span class='ocrx_word' id='word_1_30' title='bbox 643 846 743 906; x_wconf 88' lang='lat' dir='ltr'>quem</span> <span class='ocrx_word' id='word_1_31' title='bbox 761 825 887 888; x_wconf 88' lang='lat' dir='ltr'>certius</span> <span class='ocrx_word' id='word_1_32' title='bbox 904 825 1114 889; x_wconf 78' lang='lat' dir='ltr'>edoceretur.</span> <span class='ocrx_word' id='word_1_33' title='bbox 1140 847 1287 907; x_wconf 91' lang='lat' dir='ltr'>quonam</span> 
     </span>
     <span class='ocr_line' id='line_1_6' title="bbox 187 913 1287 982; baseline -0.005 0"><span class='ocrx_word' id='word_1_34' title='bbox 187 921 228 982; x_wconf 78' lang='lat' dir='ltr'>sin</span> <span class='ocrx_word' id='word_1_35' title='bbox 249 919 311 979; x_wconf 89' lang='lat' dir='ltr'>loco</span> <span class='ocrx_word' id='word_1_36' title='bbox 341 916 373 978; x_wconf 89' lang='lat' dir='ltr'>ei</span> <span class='ocrx_word' id='word_1_37' title='bbox 403 934 583 978; x_wconf 89' lang='lat' dir='ltr'>occurrere</span> <span class='ocrx_word' id='word_1_38' title='bbox 608 914 758 977; x_wconf 75' lang='lat' dir='ltr'><strong>deberet.</strong></span> <span class='ocrx_word' id='word_1_39' title='bbox 805 913 993 976; x_wconf 62' lang='lat' dir='ltr'>Audierate</span> <span class='ocrx_word' id='word_1_40' title='bbox 1023 913 1113 976; x_wconf 91' lang='lat' dir='ltr'>enim</span> <span class='ocrx_word' id='word_1_41' title='bbox 1142 936 1217 977; x_wconf 92' lang='lat' dir='ltr'>eum</span> <span class='ocrx_word' id='word_1_42' title='bbox 1243 914 1287 977; x_wconf 91' lang='lat' dir='ltr'>ab</span> 
     </span>
     <span class='ocr_line' id='line_1_7' title="bbox 204 1002 1284 1087; baseline -0.006 -14"><span class='ocrx_word' id='word_1_43' title='bbox 204 1011 248 1072; x_wconf 86' lang='lat' dir='ltr'>hac</span> <span class='ocrx_word' id='word_1_44' title='bbox 261 1003 469 1087; x_wconf 74' lang='lat' dir='ltr'>expeditione</span> <span class='ocrx_word' id='word_1_45' title='bbox 493 1002 537 1065; x_wconf 89' lang='lat' dir='ltr'>ad</span> <span class='ocrx_word' id='word_1_46' title='bbox 554 1003 623 1064; x_wconf 90' lang='lat' dir='ltr'>alia</span> <span class='ocrx_word' id='word_1_47' title='bbox 638 1003 736 1084; x_wconf 79' lang='lat' dir='ltr'>regni</span> <span class='ocrx_word' id='word_1_48' title='bbox 758 1002 901 1084; x_wconf 80' lang='lat' dir='ltr'>negocia</span> <span class='ocrx_word' id='word_1_49' title='bbox 924 1003 1076 1064; x_wconf 89' lang='lat' dir='ltr'>animum</span> <span class='ocrx_word' id='word_1_50' title='bbox 1101 1024 1284 1078; x_wconf 71' lang='lat' dir='ltr'>revocasse,</span> 
     </span>
     <span class='ocr_line' id='line_1_8' title="bbox 204 1090 1287 1176; baseline -0.001 -22"><span class='ocrx_word' id='word_1_51' title='bbox 204 1098 245 1162; x_wconf 73' lang='lat' dir='ltr'>ad</span> <span class='ocrx_word' id='word_1_52' title='bbox 259 1113 417 1176; x_wconf 87' lang='lat' dir='ltr'>quaenam</span> <span class='ocrx_word' id='word_1_53' title='bbox 442 1091 627 1154; x_wconf 78' lang='lat' dir='ltr'>mutandae</span> <span class='ocrx_word' id='word_1_54' title='bbox 651 1091 843 1154; x_wconf 88' lang='lat' dir='ltr'>sententiae</span> <span class='ocrx_word' id='word_1_55' title='bbox 867 1090 1051 1154; x_wconf 76' lang='lat' dir='ltr'>necessitas</span> <span class='ocrx_word' id='word_1_56' title='bbox 1076 1095 1216 1173; x_wconf 85' lang='lat' dir='ltr'>repente</span> <span class='ocrx_word' id='word_1_57' title='bbox 1240 1092 1287 1153; x_wconf 93' lang='lat' dir='ltr'>in·</span> 
     </span>
     <span class='ocr_line' id='line_1_9' title="bbox 125 1174 1287 1263; baseline -0.007 -13"><span class='ocrx_word' id='word_1_58' title='bbox 125 1190 135 1228; x_wconf 84' lang='lat'>&#39;-</span> <span class='ocrx_word' id='word_1_59' title='bbox 205 1184 318 1250; x_wconf 83' lang='lat' dir='ltr'>cidisset,</span> <span class='ocrx_word' id='word_1_60' title='bbox 351 1183 445 1244; x_wconf 87' lang='lat' dir='ltr'>certo</span> <span class='ocrx_word' id='word_1_61' title='bbox 475 1200 545 1242; x_wconf 91' lang='lat' dir='ltr'>non</span> <span class='ocrx_word' id='word_1_62' title='bbox 576 1174 823 1263; x_wconf 66' lang='lat' dir='ltr'>compereratl.</span> <span class='ocrx_word' id='word_1_63' title='bbox 870 1179 1029 1261; x_wconf 85' lang='lat' dir='ltr'>Plerique</span> <span class='ocrx_word' id='word_1_64' title='bbox 1054 1184 1169 1243; x_wconf 88' lang='lat' dir='ltr'>tamen</span> <span class='ocrx_word' id='word_1_65' title='bbox 1193 1181 1287 1242; x_wconf 88' lang='lat' dir='ltr'>iacti·</span> 
     </span>
     <span class='ocr_line' id='line_1_10' title="bbox 125 1268 1287 1351; baseline -0.005 -12"><span class='ocrx_word' id='word_1_66' title='bbox 125 1276 135 1287; x_wconf 88' lang='lat'><em>&#39;</em></span> <span class='ocrx_word' id='word_1_67' title='bbox 204 1276 294 1339; x_wconf 81' lang='lat' dir='ltr'>tabant</span> <span class='ocrx_word' id='word_1_68' title='bbox 316 1290 394 1332; x_wconf 87' lang='lat' dir='ltr'>eum</span> <span class='ocrx_word' id='word_1_69' title='bbox 419 1269 665 1332; x_wconf 86' lang='lat' dir='ltr'>coniurationis</span> <span class='ocrx_word' id='word_1_70' title='bbox 693 1268 795 1330; x_wconf 92' lang='lat' dir='ltr'>huius</span> <span class='ocrx_word' id='word_1_71' title='bbox 819 1268 992 1331; x_wconf 87' lang='lat' dir='ltr'>conscium</span> <span class='ocrx_word' id='word_1_72' title='bbox 1016 1269 1287 1351; x_wconf 77' lang='lat' dir='ltr'>participemque</span> 
     </span>
     <span class='ocr_line' id='line_1_11' title="bbox 180 1357 1285 1440; baseline -0.001 -16"><span class='ocrx_word' id='word_1_73' title='bbox 180 1361 333 1427; x_wconf 76' lang='lat' dir='ltr'>rreititisse.</span> <span class='ocrx_word' id='word_1_74' title='bbox 358 1359 503 1438; x_wconf 90' lang='lat' dir='ltr'>ideoque</span> <span class='ocrx_word' id='word_1_75' title='bbox 526 1361 598 1420; x_wconf 85' lang='lat' dir='ltr'>tam</span> <span class='ocrx_word' id='word_1_76' title='bbox 616 1358 710 1420; x_wconf 90' lang='lat' dir='ltr'>lento</span> <span class='ocrx_word' id='word_1_77' title='bbox 726 1357 836 1437; x_wconf 78' lang='lat' dir='ltr'>gradu</span> <span class='ocrx_word' id='word_1_78' title='bbox 852 1357 896 1419; x_wconf 89' lang='lat' dir='ltr'>ad</span> <span class='ocrx_word' id='word_1_79' title='bbox 913 1357 1075 1420; x_wconf 77' lang='lat' dir='ltr'>miliciam</span> <span class='ocrx_word' id='word_1_80' title='bbox 1093 1359 1285 1440; x_wconf 84' lang='lat' dir='ltr'>procedere,</span> 
     </span>
     <span class='ocr_line' id='line_1_12' title="bbox 202 1446 1287 1528; baseline -0.004 -15"><span class='ocrx_word' id='word_1_81' title='bbox 202 1473 231 1515; x_wconf 88' lang='lat' dir='ltr'>ne</span> <span class='ocrx_word' id='word_1_82' title='bbox 248 1451 299 1511; x_wconf 87' lang='lat' dir='ltr'>aut</span> <span class='ocrx_word' id='word_1_83' title='bbox 321 1447 394 1527; x_wconf 73' lang='lat' dir='ltr'>regi</span> <span class='ocrx_word' id='word_1_84' title='bbox 417 1446 453 1507; x_wconf 90' lang='lat' dir='ltr'>in</span> <span class='ocrx_word' id='word_1_85' title='bbox 476 1450 576 1508; x_wconf 89' lang='lat' dir='ltr'>tanto</span> <span class='ocrx_word' id='word_1_86' title='bbox 593 1446 788 1509; x_wconf 83' lang='lat' dir='ltr'>discrimine</span> <span class='ocrx_word' id='word_1_87' title='bbox 806 1448 926 1508; x_wconf 88' lang='lat' dir='ltr'>contra</span> <span class='ocrx_word' id='word_1_88' title='bbox 949 1446 1162 1528; x_wconf 90' lang='lat' dir='ltr'>propositum</span> <span class='ocrx_word' id='word_1_89' title='bbox 1187 1467 1287 1510; x_wconf 89' lang='lat' dir='ltr'>suum</span> 
     </span>
     <span class='ocr_line' id='line_1_13' title="bbox 200 1534 1287 1620; baseline -0.002 -19"><span class='ocrx_word' id='word_1_90' title='bbox 200 1539 300 1620; x_wconf 88' lang='lat' dir='ltr'>pudore</span> <span class='ocrx_word' id='word_1_91' title='bbox 330 1536 442 1598; x_wconf 83' lang='lat' dir='ltr'>victus</span> <span class='ocrx_word' id='word_1_92' title='bbox 476 1534 643 1596; x_wconf 83' lang='lat' dir='ltr'>auxilium</span> <span class='ocrx_word' id='word_1_93' title='bbox 679 1534 850 1616; x_wconf 84' lang='lat' dir='ltr'>preberet,</span> <span class='ocrx_word' id='word_1_94' title='bbox 883 1537 957 1607; x_wconf 83' lang='lat' dir='ltr'>aut,</span> <span class='ocrx_word' id='word_1_95' title='bbox 990 1535 1019 1595; x_wconf 91' lang='lat' dir='ltr'>si</span> <span class='ocrx_word' id='word_1_96' title='bbox 1049 1539 1200 1616; x_wconf 77' lang='lat' dir='ltr'>negaret,</span> <span class='ocrx_word' id='word_1_97' title='bbox 1233 1537 1287 1599; x_wconf 92' lang='lat' dir='ltr'>de-</span> 
     </span>
     <span class='ocr_line' id='line_1_14' title="bbox 197 1623 1287 1705; baseline 0 -18"><span class='ocrx_word' id='word_1_98' title='bbox 197 1627 352 1690; x_wconf 86' lang='lat' dir='ltr'>fectionem</span> <span class='ocrx_word' id='word_1_99' title='bbox 385 1645 481 1686; x_wconf 90' lang='lat' dir='ltr'>suam</span> <span class='ocrx_word' id='word_1_100' title='bbox 506 1623 754 1704; x_wconf 85' lang='lat' dir='ltr'>consiliumque</span> <span class='ocrx_word' id='word_1_101' title='bbox 781 1623 964 1686; x_wconf 88' lang='lat' dir='ltr'>immature</span> <span class='ocrx_word' id='word_1_102' title='bbox 988 1624 1131 1704; x_wconf 88' lang='lat' dir='ltr'>prodere</span> <span class='ocrx_word' id='word_1_103' title='bbox 1155 1646 1287 1705; x_wconf 75' lang='lat' dir='ltr'>cogere·</span> 
     </span>
     <span class='ocr_line' id='line_1_15' title="bbox 194 1711 1287 1796; baseline 0.002 -22"><span class='ocrx_word' id='word_1_104' title='bbox 194 1719 238 1776; x_wconf 87' lang='lat' dir='ltr'>tur</span> <span class='ocrx_word' id='word_1_105' title='bbox 247 1716 263 1774; x_wconf 87' lang='lat'>¹.</span> <span class='ocrx_word' id='word_1_106' title='bbox 304 1713 377 1776; x_wconf 83' lang='lat' dir='ltr'>Rex</span> <span class='ocrx_word' id='word_1_107' title='bbox 400 1713 518 1794; x_wconf 89' lang='lat' dir='ltr'>itaque</span> <span class='ocrx_word' id='word_1_108' title='bbox 542 1712 653 1774; x_wconf 92' lang='lat' dir='ltr'>missis</span> <span class='ocrx_word' id='word_1_109' title='bbox 676 1712 811 1774; x_wconf 90' lang='lat' dir='ltr'>nunciis</span> <span class='ocrx_word' id='word_1_110' title='bbox 835 1711 1021 1777; x_wconf 85' lang='lat' dir='ltr'>mandavit.</span> <span class='ocrx_word' id='word_1_111' title='bbox 1051 1716 1090 1774; x_wconf 90' lang='lat' dir='ltr'>ut</span> <span class='ocrx_word' id='word_1_112' title='bbox 1119 1717 1190 1774; x_wconf 89' lang='lat' dir='ltr'>tam</span> <span class='ocrx_word' id='word_1_113' title='bbox 1213 1714 1287 1796; x_wconf 92' lang='lat' dir='ltr'>ipse</span> 
     </span>
     <span class='ocr_line' id='line_1_16' title="bbox 165 1800 1286 1883; baseline 0 -19"><span class='ocrx_word' id='word_1_114' title='bbox 165 1820 273 1882; x_wconf 75' lang='lat' dir='ltr'>aquam</span> <span class='ocrx_word' id='word_1_115' title='bbox 296 1802 422 1864; x_wconf 87' lang='lat' dir='ltr'>caeteri</span> <span class='ocrx_word' id='word_1_116' title='bbox 446 1801 505 1883; x_wconf 91' lang='lat' dir='ltr'>qui</span> <span class='ocrx_word' id='word_1_117' title='bbox 529 1822 606 1863; x_wconf 92' lang='lat' dir='ltr'>cum</span> <span class='ocrx_word' id='word_1_118' title='bbox 623 1821 663 1864; x_wconf 90' lang='lat' dir='ltr'>eo</span> <span class='ocrx_word' id='word_1_119' title='bbox 687 1803 786 1862; x_wconf 89' lang='lat' dir='ltr'>erant</span> <span class='ocrx_word' id='word_1_120' title='bbox 809 1800 979 1882; x_wconf 87' lang='lat' dir='ltr'>principes</span> <span class='ocrx_word' id='word_1_121' title='bbox 996 1801 1103 1864; x_wconf 89' lang='lat' dir='ltr'>citato</span> <span class='ocrx_word' id='word_1_122' title='bbox 1120 1806 1286 1883; x_wconf 89' lang='lat' dir='ltr'>quantum</span> 
     </span>
     <span class='ocr_line' id='line_1_17' title="bbox 183 1888 1288 1971; baseline 0 -19"><span class='ocrx_word' id='word_1_123' title='bbox 183 1895 308 1968; x_wconf 86' lang='lat' dir='ltr'>possent</span> <span class='ocrx_word' id='word_1_124' title='bbox 343 1890 467 1953; x_wconf 90' lang='lat' dir='ltr'>itinere</span> <span class='ocrx_word' id='word_1_125' title='bbox 502 1890 568 1952; x_wconf 93' lang='lat' dir='ltr'>sibi</span> <span class='ocrx_word' id='word_1_126' title='bbox 603 1893 821 1953; x_wconf 86' lang='lat' dir='ltr'>occurrerent</span> <span class='ocrx_word' id='word_1_127' title='bbox 855 1889 890 1950; x_wconf 91' lang='lat' dir='ltr'>in</span> <span class='ocrx_word' id='word_1_128' title='bbox 921 1888 1004 1951; x_wconf 83' lang='lat' dir='ltr'>villa</span> <span class='ocrx_word' id='word_1_129' title='bbox 1039 1911 1125 1971; x_wconf 92' lang='lat' dir='ltr'>quae</span> <span class='ocrx_word' id='word_1_130' title='bbox 1160 1891 1288 1953; x_wconf 91' lang='lat' dir='ltr'>dicitur</span> 
     </span>
     <span class='ocr_line' id='line_1_18' title="bbox 177 1972 1286 2062; baseline 0.005 -26"><span class='ocrx_word' id='word_1_131' title='bbox 177 1973 330 2062; x_wconf 68' lang='lat' dir='ltr'>Capella⁸</span> <span class='ocrx_word' id='word_1_132' title='bbox 361 1972 468 2041; x_wconf 75' lang='lat' dir='ltr'>hautf</span> <span class='ocrx_word' id='word_1_133' title='bbox 496 1978 615 2060; x_wconf 88' lang='lat' dir='ltr'>procul</span> <span class='ocrx_word' id='word_1_134' title='bbox 646 1978 688 2040; x_wconf 90' lang='lat' dir='ltr'>ab</span> <span class='ocrx_word' id='word_1_135' title='bbox 720 1977 917 2041; x_wconf 79' lang='lat' dir='ltr'>Herveldia.</span> <span class='ocrx_word' id='word_1_136' title='bbox 964 1977 1040 2055; x_wconf 77' lang='lat' dir='ltr'>Quo</span> <span class='ocrx_word' id='word_1_137' title='bbox 1072 2000 1148 2041; x_wconf 87' lang='lat' dir='ltr'>cum</span> <span class='ocrx_word' id='word_1_138' title='bbox 1180 1980 1286 2042; x_wconf 90' lang='lat' dir='ltr'>venis-</span> 
     </span>
     <span class='ocr_line' id='line_1_19' title="bbox 169 2065 1286 2151; baseline 0.004 -25"><span class='ocrx_word' id='word_1_139' title='bbox 169 2073 257 2135; x_wconf 78' lang='lat' dir='ltr'>sent.</span> <span class='ocrx_word' id='word_1_140' title='bbox 287 2067 433 2151; x_wconf 91' lang='lat' dir='ltr'>pedibus</span> <span class='ocrx_word' id='word_1_141' title='bbox 464 2088 579 2130; x_wconf 91' lang='lat' dir='ltr'>eorum</span> <span class='ocrx_word' id='word_1_142' title='bbox 611 2066 812 2148; x_wconf 88' lang='lat' dir='ltr'>provolutus</span> <span class='ocrx_word' id='word_1_143' title='bbox 847 2065 968 2128; x_wconf 87' lang='lat' dir='ltr'>orabat</span> <span class='ocrx_word' id='word_1_144' title='bbox 1003 2088 1063 2149; x_wconf 91' lang='lat' dir='ltr'>per</span> <span class='ocrx_word' id='word_1_145' title='bbox 1092 2072 1286 2151; x_wconf 87' lang='lat' dir='ltr'>respectum</span> 
     </span>
     <span class='ocr_line' id='line_1_20' title="bbox 161 2145 1287 2246; baseline 0.002 -28"><span class='ocrx_word' id='word_1_146' title='bbox 161 2145 247 2246; x_wconf 71' lang='lat' dir='ltr'>Dei.</span> <span class='ocrx_word' id='word_1_147' title='bbox 271 2156 332 2218; x_wconf 89' lang='lat' dir='ltr'>sub</span> <span class='ocrx_word' id='word_1_148' title='bbox 351 2157 448 2219; x_wconf 88' lang='lat' dir='ltr'>cuius</span> <span class='ocrx_word' id='word_1_149' title='bbox 464 2156 707 2219; x_wconf 86' lang='lat' dir='ltr'>testificatione</span> <span class='ocrx_word' id='word_1_150' title='bbox 728 2154 793 2217; x_wconf 91' lang='lat' dir='ltr'>sibi</span> <span class='ocrx_word' id='word_1_151' title='bbox 810 2155 911 2218; x_wconf 87' lang='lat' dir='ltr'>fidem</span> <span class='ocrx_word' id='word_1_152' title='bbox 929 2155 1103 2229; x_wconf 84' lang='lat' dir='ltr'>dixissent,</span> <span class='ocrx_word' id='word_1_153' title='bbox 1130 2160 1168 2218; x_wconf 91' lang='lat' dir='ltr'>ut</span> <span class='ocrx_word' id='word_1_154' title='bbox 1185 2178 1287 2240; x_wconf 89' lang='lat' dir='ltr'>super</span> 
     </span>
     <span class='ocr_line' id='line_1_21' title="bbox 128 2244 1285 2328; baseline 0.002 -21"><span class='ocrx_word' id='word_1_155' title='bbox 128 2244 368 2308; x_wconf 64' lang='lat' dir='ltr'>amfelieibus</span> <span class='ocrx_word' id='word_1_156' title='bbox 392 2246 544 2308; x_wconf 68' lang='lat' dir='ltr'>eventisg</span> <span class='ocrx_word' id='word_1_157' title='bbox 563 2244 633 2306; x_wconf 92' lang='lat' dir='ltr'>suis</span> <span class='ocrx_word' id='word_1_158' title='bbox 656 2244 899 2307; x_wconf 89' lang='lat' dir='ltr'>misererentur</span> <span class='ocrx_word' id='word_1_159' title='bbox 922 2245 1051 2326; x_wconf 90' lang='lat' dir='ltr'>pariter</span> <span class='ocrx_word' id='word_1_160' title='bbox 1074 2248 1109 2308; x_wconf 88' lang='lat' dir='ltr'>et</span> <span class='ocrx_word' id='word_1_161' title='bbox 1132 2246 1285 2328; x_wconf 79' lang='lat' dir='ltr'>indigna·</span> 
     </span>
     <span class='ocr_line' id='line_1_22' title="bbox 149 2333 1285 2416; baseline 0.009 -26"><span class='ocrx_word' id='word_1_162' title='bbox 149 2340 304 2408; x_wconf 59' lang='lat' dir='ltr'>rentum</span> <span class='ocrx_word' id='word_1_163' title='bbox 337 2333 532 2396; x_wconf 90' lang='lat' dir='ltr'>communia</span> <span class='ocrx_word' id='word_1_164' title='bbox 560 2333 712 2415; x_wconf 88' lang='lat' dir='ltr'>ipsorum</span> <span class='ocrx_word' id='word_1_165' title='bbox 743 2333 908 2396; x_wconf 89' lang='lat' dir='ltr'>beneficia</span> <span class='ocrx_word' id='word_1_166' title='bbox 938 2337 1098 2416; x_wconf 88' lang='lat' dir='ltr'>prerepta</span> <span class='ocrx_word' id='word_1_167' title='bbox 1125 2335 1189 2398; x_wconf 89' lang='lat' dir='ltr'>sibi</span> <span class='ocrx_word' id='word_1_168' title='bbox 1213 2356 1285 2400; x_wconf 89' lang='lat' dir='ltr'>esse</span> 
     </span>
     <span class='ocr_line' id='line_1_23' title="bbox 143 2421 1286 2504; baseline 0.001 -19"><span class='ocrx_word' id='word_1_169' title='bbox 143 2429 357 2491; x_wconf 71' lang='lat' dir='ltr'>Paucorum</span> <span class='ocrx_word' id='word_1_170' title='bbox 380 2421 608 2504; x_wconf 76' lang='lat' dir='ltr'>malignitate,</span> <span class='ocrx_word' id='word_1_171' title='bbox 640 2422 698 2503; x_wconf 90' lang='lat' dir='ltr'>qui</span> <span class='ocrx_word' id='word_1_172' title='bbox 721 2421 936 2485; x_wconf 89' lang='lat' dir='ltr'>immemores</span> <span class='ocrx_word' id='word_1_173' title='bbox 966 2422 1196 2499; x_wconf 86' lang='lat' dir='ltr'>iurisiurandi,</span> <span class='ocrx_word' id='word_1_174' title='bbox 1227 2425 1286 2487; x_wconf 92' lang='lat' dir='ltr'>im·</span> 
     </span>
     <span class='ocr_line' id='line_1_24' title="bbox 139 2510 1285 2595; baseline 0.005 -26"><span class='ocrx_word' id='word_1_175' title='bbox 139 2517 336 2575; x_wconf 76' lang='lat' dir='ltr'>memores</span> <span class='ocrx_word' id='word_1_176' title='bbox 372 2510 624 2585; x_wconf 86' lang='lat' dir='ltr'>beneficiorum,</span> <span class='ocrx_word' id='word_1_177' title='bbox 657 2510 780 2591; x_wconf 88' lang='lat' dir='ltr'>quibus</span> <span class='ocrx_word' id='word_1_178' title='bbox 811 2530 868 2573; x_wconf 91' lang='lat' dir='ltr'>eos</span> <span class='ocrx_word' id='word_1_179' title='bbox 898 2531 1121 2593; x_wconf 89' lang='lat' dir='ltr'>sepenumero</span> <span class='ocrx_word' id='word_1_180' title='bbox 1152 2517 1187 2575; x_wconf 94' lang='lat' dir='ltr'>et</span> <span class='ocrx_word' id='word_1_181' title='bbox 1222 2514 1285 2595; x_wconf 91' lang='lat' dir='ltr'>pri·</span> 
     </span>
     <span class='ocr_line' id='line_1_25' title="bbox 136 2598 1286 2683; baseline 0.001 -21"><span class='ocrx_word' id='word_1_182' title='bbox 136 2601 273 2662; x_wconf 77' lang='lat' dir='ltr'>vatim</span> <span class='ocrx_word' id='word_1_183' title='bbox 317 2603 353 2663; x_wconf 91' lang='lat' dir='ltr'>et</span> <span class='ocrx_word' id='word_1_184' title='bbox 395 2598 532 2682; x_wconf 90' lang='lat' dir='ltr'>publice</span> <span class='ocrx_word' id='word_1_185' title='bbox 573 2599 639 2661; x_wconf 88' lang='lat' dir='ltr'>sibi</span> <span class='ocrx_word' id='word_1_186' title='bbox 677 2598 878 2680; x_wconf 82' lang='lat' dir='ltr'>obligasset,</span> <span class='ocrx_word' id='word_1_187' title='bbox 918 2621 994 2662; x_wconf 91' lang='lat' dir='ltr'>eum</span> <span class='ocrx_word' id='word_1_188' title='bbox 1036 2622 1142 2683; x_wconf 82' lang='lat' dir='ltr'>regno</span> <span class='ocrx_word' id='word_1_189' title='bbox 1181 2603 1286 2665; x_wconf 89' lang='lat' dir='ltr'>etiam</span> 
     </span>
     <span class='ocr_line' id='line_1_26' title="bbox 132 2685 1287 2771; baseline 0.004 -21"><span class='ocrx_word' id='word_1_190' title='bbox 132 2685 273 2750; x_wconf 66' lang='lat' dir='ltr'>viam</span> <span class='ocrx_word' id='word_1_191' title='bbox 300 2688 365 2750; x_wconf 90' lang='lat' dir='ltr'>sibi</span> <span class='ocrx_word' id='word_1_192' title='bbox 393 2688 607 2769; x_wconf 87' lang='lat' dir='ltr'>eripuissent,</span> <span class='ocrx_word' id='word_1_193' title='bbox 632 2687 697 2749; x_wconf 91' lang='lat' dir='ltr'>nisi</span> <span class='ocrx_word' id='word_1_194' title='bbox 719 2688 823 2769; x_wconf 82' lang='lat' dir='ltr'>fugae</span> <span class='ocrx_word' id='word_1_195' title='bbox 847 2688 995 2769; x_wconf 93' lang='lat' dir='ltr'>presidio</span> <span class='ocrx_word' id='word_1_196' title='bbox 1018 2690 1208 2771; x_wconf 90' lang='lat' dir='ltr'>periculum</span> <span class='ocrx_word' id='word_1_197' title='bbox 1233 2692 1287 2755; x_wconf 90' lang='lat' dir='ltr'>de-</span> 
     </span>
     <span class='ocr_line' id='line_1_27' title="bbox 136 2773 1287 2857; baseline 0.004 -19"><span class='ocrx_word' id='word_1_198' title='bbox 136 2773 348 2851; x_wconf 53' lang='lat' dir='ltr'>clinassem</span> <span class='ocrx_word' id='word_1_199' title='bbox 379 2776 527 2839; x_wconf 86' lang='lat' dir='ltr'>violatae</span> <span class='ocrx_word' id='word_1_200' title='bbox 550 2776 664 2857; x_wconf 74' lang='lat' dir='ltr'>regiae</span> <span class='ocrx_word' id='word_1_201' title='bbox 688 2775 877 2839; x_wconf 89' lang='lat' dir='ltr'>maiestatis</span> <span class='ocrx_word' id='word_1_202' title='bbox 900 2777 1060 2839; x_wconf 90' lang='lat' dir='ltr'>iniuriam</span> <span class='ocrx_word' id='word_1_203' title='bbox 1085 2800 1153 2842; x_wconf 90' lang='lat' dir='ltr'>non</span> <span class='ocrx_word' id='word_1_204' title='bbox 1180 2780 1223 2842; x_wconf 90' lang='lat' dir='ltr'>ad</span> <span class='ocrx_word' id='word_1_205' title='bbox 1251 2801 1287 2843; x_wconf 92' lang='lat' dir='ltr'>se</span> 
     </span>
     <span class='ocr_line' id='line_1_28' title="bbox 140 2864 1287 2947; baseline 0.008 -26"><span class='ocrx_word' id='word_1_206' title='bbox 140 2866 279 2930; x_wconf 69' lang='lat' dir='ltr'>solum</span> <span class='ocrx_word' id='word_1_207' title='bbox 312 2865 499 2947; x_wconf 85' lang='lat' dir='ltr'>pertinere,</span> <span class='ocrx_word' id='word_1_208' title='bbox 536 2864 710 2946; x_wconf 87' lang='lat' dir='ltr'>publicam</span> <span class='ocrx_word' id='word_1_209' title='bbox 745 2884 817 2927; x_wconf 88' lang='lat' dir='ltr'>esse</span> <span class='ocrx_word' id='word_1_210' title='bbox 853 2866 1097 2930; x_wconf 88' lang='lat' dir='ltr'>contumeliam</span> <span class='ocrx_word' id='word_1_211' title='bbox 1133 2869 1287 2930; x_wconf 88' lang='lat' dir='ltr'>omnimn</span> 
     </span>
     <span class='ocr_line' id='line_1_29' title="bbox 146 2955 1286 3036; baseline 0.004 -21"><span class='ocrx_word' id='word_1_212' title='bbox 146 2970 301 3019; x_wconf 64' lang='lat' dir='ltr'>eorum.</span> <span class='ocrx_word' id='word_1_213' title='bbox 334 2955 393 3035; x_wconf 90' lang='lat' dir='ltr'>qui</span> <span class='ocrx_word' id='word_1_214' title='bbox 424 2974 459 3016; x_wconf 93' lang='lat' dir='ltr'>se</span> <span class='ocrx_word' id='word_1_215' title='bbox 489 2974 603 3035; x_wconf 84' lang='lat' dir='ltr'>regem</span> <span class='ocrx_word' id='word_1_216' title='bbox 635 2957 820 3030; x_wconf 86' lang='lat' dir='ltr'>creassent,</span> <span class='ocrx_word' id='word_1_217' title='bbox 853 2958 888 3017; x_wconf 91' lang='lat' dir='ltr'>et</span> <span class='ocrx_word' id='word_1_218' title='bbox 911 2975 1055 3036; x_wconf 89' lang='lat' dir='ltr'>qnorum</span> <span class='ocrx_word' id='word_1_219' title='bbox 1084 2957 1212 3019; x_wconf 85' lang='lat' dir='ltr'>auxilio</span> <span class='ocrx_word' id='word_1_220' title='bbox 1243 2957 1286 3019; x_wconf 89' lang='lat' dir='ltr'>ab</span> 
     </span>
     <span class='ocr_line' id='line_1_30' title="bbox 149 3036 1288 3125; baseline 0.005 -23"><span class='ocrx_word' id='word_1_221' title='bbox 149 3036 334 3125; x_wconf 86' lang='lat' dir='ltr'>improbis</span> <span class='ocrx_word' id='word_1_222' title='bbox 358 3042 555 3105; x_wconf 90' lang='lat' dir='ltr'>hominibus</span> <span class='ocrx_word' id='word_1_223' title='bbox 578 3045 676 3104; x_wconf 87' lang='lat' dir='ltr'>tutus</span> <span class='ocrx_word' id='word_1_224' title='bbox 692 3062 764 3104; x_wconf 88' lang='lat' dir='ltr'>esse</span> <span class='ocrx_word' id='word_1_225' title='bbox 781 3042 965 3106; x_wconf 90' lang='lat' dir='ltr'>debuisset.</span> <span class='ocrx_word' id='word_1_226' title='bbox 1005 3044 1153 3108; x_wconf 89' lang='lat' dir='ltr'>Proinde</span> <span class='ocrx_word' id='word_1_227' title='bbox 1170 3066 1288 3108; x_wconf 90' lang='lat' dir='ltr'>omnes</span> 
     </span>
     <span class='ocr_line' id='line_1_31' title="bbox 125 3123 1288 3216; baseline 0.001 -22"><span class='ocrx_word' id='word_1_228' title='bbox 125 3140 230 3216; x_wconf 71' lang='lat' dir='ltr'>‘pro</span> <span class='ocrx_word' id='word_1_229' title='bbox 255 3131 347 3194; x_wconf 81' lang='lat' dir='ltr'>virili</span> <span class='ocrx_word' id='word_1_230' title='bbox 371 3130 526 3213; x_wconf 91' lang='lat' dir='ltr'>portione</span> <span class='ocrx_word' id='word_1_231' title='bbox 550 3123 781 3212; x_wconf 69' lang='lat' dir='ltr'>satagerenth.</span> <span class='ocrx_word' id='word_1_232' title='bbox 806 3152 849 3194; x_wconf 88' lang='lat' dir='ltr'>ne</span> <span class='ocrx_word' id='word_1_233' title='bbox 873 3131 968 3213; x_wconf 84' lang='lat' dir='ltr'>regia</span> <span class='ocrx_word' id='word_1_234' title='bbox 992 3132 1152 3213; x_wconf 78' lang='lat' dir='ltr'>dignitas,</span> <span class='ocrx_word' id='word_1_235' title='bbox 1185 3154 1288 3214; x_wconf 89' lang='lat' dir='ltr'>quam</span> 
     </span>
     <span class='ocr_line' id='line_1_32' title="bbox 164 3219 1289 3303; baseline 0 -20"><span class='ocrx_word' id='word_1_236' title='bbox 164 3242 191 3283; x_wconf 84' lang='lat' dir='ltr'>a</span> <span class='ocrx_word' id='word_1_237' title='bbox 228 3220 415 3283; x_wconf 86' lang='lat' dir='ltr'>maioribus</span> <span class='ocrx_word' id='word_1_238' title='bbox 450 3220 519 3281; x_wconf 92' lang='lat' dir='ltr'>suis</span> <span class='ocrx_word' id='word_1_239' title='bbox 554 3219 828 3282; x_wconf 88' lang='lat' dir='ltr'>honestissimam</span> <span class='ocrx_word' id='word_1_240' title='bbox 864 3223 968 3302; x_wconf 89' lang='lat' dir='ltr'>atque</span> <span class='ocrx_word' id='word_1_241' title='bbox 1003 3221 1289 3303; x_wconf 88' lang='lat' dir='ltr'>preclarissimam</span> 
     </span>
     <span class='ocr_line' id='line_1_33' title="bbox 169 3301 1289 3391; baseline 0.001 -19"><span class='ocrx_word' id='word_1_242' title='bbox 169 3312 383 3391; x_wconf 82' lang='lat' dir='ltr'>acceperant,</span> <span class='ocrx_word' id='word_1_243' title='bbox 410 3329 471 3370; x_wconf 89' lang='lat' dir='ltr'>sua</span> <span class='ocrx_word' id='word_1_244' title='bbox 485 3308 623 3390; x_wconf 82' lang='lat' dir='ltr'>ignavia</span> <span class='ocrx_word' id='word_1_245' title='bbox 638 3301 866 3382; x_wconf 77' lang='lat' dir='ltr'>fuscaretur¹,</span> <span class='ocrx_word' id='word_1_246' title='bbox 889 3302 994 3371; x_wconf 80' lang='lat' dir='ltr'>nevek</span> <span class='ocrx_word' id='word_1_247' title='bbox 1014 3312 1086 3371; x_wconf 91' lang='lat' dir='ltr'>tam</span> <span class='ocrx_word' id='word_1_248' title='bbox 1103 3310 1289 3391; x_wconf 91' lang='lat' dir='ltr'>pessimum</span> 
     </span>
     <span class='ocr_line' id='line_1_34' title="bbox 171 3397 1289 3480; baseline -0.002 -18"><span class='ocrx_word' id='word_1_249' title='bbox 171 3397 365 3480; x_wconf 80' lang='lat' dir='ltr'>exemplum</span> <span class='ocrx_word' id='word_1_250' title='bbox 396 3418 533 3458; x_wconf 88' lang='lat' dir='ltr'>snorum</span> <span class='ocrx_word' id='word_1_251' title='bbox 564 3400 756 3478; x_wconf 89' lang='lat' dir='ltr'>temporum</span> <span class='ocrx_word' id='word_1_252' title='bbox 789 3397 832 3458; x_wconf 91' lang='lat' dir='ltr'>ad</span> <span class='ocrx_word' id='word_1_253' title='bbox 857 3400 1011 3478; x_wconf 86' lang='lat' dir='ltr'>posteros</span> <span class='ocrx_word' id='word_1_254' title='bbox 1035 3418 1113 3460; x_wconf 88' lang='lat' dir='ltr'>suos</span> <span class='ocrx_word' id='word_1_255' title='bbox 1137 3397 1289 3461; x_wconf 89' lang='lat' dir='ltr'>inultum</span> 
     </span>
     <span class='ocr_line' id='line_1_35' title="bbox 170 3479 1289 3551; baseline 0 -2"><span class='ocrx_word' id='word_1_256' title='bbox 170 3487 456 3549; x_wconf 86' lang='lat' dir='ltr'>transmitterent.</span> <span class='ocrx_word' id='word_1_257' title='bbox 503 3479 616 3549; x_wconf 90' lang='lat' dir='ltr'>Haec¹</span> <span class='ocrx_word' id='word_1_258' title='bbox 648 3484 868 3548; x_wconf 89' lang='lat' dir='ltr'>memorando</span> <span class='ocrx_word' id='word_1_259' title='bbox 896 3488 969 3547; x_wconf 91' lang='lat' dir='ltr'>tam</span> <span class='ocrx_word' id='word_1_260' title='bbox 993 3487 1214 3551; x_wconf 88' lang='lat' dir='ltr'>deformitate</span> <span class='ocrx_word' id='word_1_261' title='bbox 1239 3507 1289 3549; x_wconf 89' lang='lat' dir='ltr'>ca·</span> 
     </span>
     <span class='ocr_line' id='line_1_36' title="bbox 127 3574 1290 3659; baseline -0.001 -19"><span class='ocrx_word' id='word_1_262' title='bbox 127 3591 270 3642; x_wconf 58' lang='lat' dir='ltr'>:suanum</span> <span class='ocrx_word' id='word_1_263' title='bbox 290 3596 429 3637; x_wconf 90' lang='lat' dir='ltr'>suorum</span> <span class='ocrx_word' id='word_1_264' title='bbox 446 3596 547 3656; x_wconf 91' lang='lat' dir='ltr'>quam</span> <span class='ocrx_word' id='word_1_265' title='bbox 565 3574 768 3637; x_wconf 88' lang='lat' dir='ltr'>miserabilis</span> <span class='ocrx_word' id='word_1_266' title='bbox 792 3574 1024 3656; x_wconf 89' lang='lat' dir='ltr'>querimoniae</span> <span class='ocrx_word' id='word_1_267' title='bbox 1048 3576 1290 3659; x_wconf 89' lang='lat' dir='ltr'>prosecutione</span> 
     </span>
     <span class='ocr_line' id='line_1_37' title="bbox 170 3663 1290 3747; baseline 0.001 -20"><span class='ocrx_word' id='word_1_268' title='bbox 170 3664 329 3727; x_wconf 90' lang='lat' dir='ltr'>omnibus</span> <span class='ocrx_word' id='word_1_269' title='bbox 354 3664 413 3745; x_wconf 88' lang='lat' dir='ltr'>qni</span> <span class='ocrx_word' id='word_1_270' title='bbox 436 3664 580 3725; x_wconf 87' lang='lat' dir='ltr'>aderant</span> <span class='ocrx_word' id='word_1_271' title='bbox 605 3663 761 3726; x_wconf 88' lang='lat' dir='ltr'>lacrimas</span> <span class='ocrx_word' id='word_1_272' title='bbox 792 3663 951 3727; x_wconf 83' lang='lat' dir='ltr'>excussit.</span> <span class='ocrx_word' id='word_1_273' title='bbox 999 3665 1108 3728; x_wconf 81' lang='lat' dir='ltr'>Erant</span> <span class='ocrx_word' id='word_1_274' title='bbox 1132 3665 1190 3747; x_wconf 94' lang='lat' dir='ltr'>qui</span> <span class='ocrx_word' id='word_1_275' title='bbox 1215 3685 1290 3728; x_wconf 89' lang='lat' dir='ltr'>cen-</span> 
     </span>
     <span class='ocr_line' id='line_1_38' title="bbox 171 3752 1291 3833; baseline 0.001 -19"><span class='ocrx_word' id='word_1_276' title='bbox 171 3756 295 3825; x_wconf 86' lang='lat' dir='ltr'>serent,</span> <span class='ocrx_word' id='word_1_277' title='bbox 314 3752 505 3833; x_wconf 82' lang='lat' dir='ltr'>quoniam¹¹¹</span> <span class='ocrx_word' id='word_1_278' title='bbox 521 3752 557 3813; x_wconf 97' lang='lat' dir='ltr'>in</span> <span class='ocrx_word' id='word_1_279' title='bbox 574 3752 827 3833; x_wconf 85' lang='lat' dir='ltr'>expeditionem</span> <span class='ocrx_word' id='word_1_280' title='bbox 844 3757 965 3817; x_wconf 90' lang='lat' dir='ltr'>contra</span> <span class='ocrx_word' id='word_1_281' title='bbox 981 3755 1148 3818; x_wconf 82' lang='lat' dir='ltr'>Polenosn</span> <span class='ocrx_word' id='word_1_282' title='bbox 1165 3754 1291 3816; x_wconf 89' lang='lat' dir='ltr'>armati</span> 
     </span>
     <span class='ocr_line' id='line_1_39' title="bbox 170 3840 1290 3922; baseline 0 -20"><span class='ocrx_word' id='word_1_283' title='bbox 170 3841 399 3922; x_wconf 84' lang='lat' dir='ltr'>instructique</span> <span class='ocrx_word' id='word_1_284' title='bbox 416 3841 598 3912; x_wconf 76' lang='lat' dir='ltr'>venissent,</span> <span class='ocrx_word' id='word_1_285' title='bbox 623 3843 662 3901; x_wconf 94' lang='lat' dir='ltr'>ut</span> <span class='ocrx_word' id='word_1_286' title='bbox 679 3840 835 3922; x_wconf 89' lang='lat' dir='ltr'>protinus</span> <span class='ocrx_word' id='word_1_287' title='bbox 858 3842 896 3903; x_wconf 93' lang='lat' dir='ltr'>in</span> <span class='ocrx_word' id='word_1_288' title='bbox 912 3843 1095 3907; x_wconf 82' lang='lat' dir='ltr'>Saxoniam</span> <span class='ocrx_word' id='word_1_289' title='bbox 1120 3843 1290 3906; x_wconf 88' lang='lat' dir='ltr'>exercitus</span> 
     </span>
     <span class='ocr_line' id='line_1_40' title="bbox 172 3929 1290 4004; baseline -0.001 -13"><span class='ocrx_word' id='word_1_290' title='bbox 172 3929 365 4004; x_wconf 85' lang='lat' dir='ltr'>duceretur,</span> <span class='ocrx_word' id='word_1_291' title='bbox 398 3932 433 3991; x_wconf 89' lang='lat' dir='ltr'>et</span> <span class='ocrx_word' id='word_1_292' title='bbox 463 3929 609 3991; x_wconf 89' lang='lat' dir='ltr'>recentis</span> <span class='ocrx_word' id='word_1_293' title='bbox 640 3929 868 3994; x_wconf 88' lang='lat' dir='ltr'>contumeliae</span> <span class='ocrx_word' id='word_1_294' title='bbox 893 3932 1018 3994; x_wconf 90' lang='lat' dir='ltr'>vulnus</span> <span class='ocrx_word' id='word_1_295' title='bbox 1046 3931 1194 3995; x_wconf 89' lang='lat' dir='ltr'>recentis</span> <span class='ocrx_word' id='word_1_296' title='bbox 1220 3931 1290 3991; x_wconf 90' lang='lat' dir='ltr'>vin·</span> 
     </span>
     <span class='ocr_line' id='line_1_41' title="bbox 139 4016 1290 4083; baseline 0.002 -5"><span class='ocrx_word' id='word_1_297' title='bbox 139 4018 285 4080; x_wconf 75' lang='lat' dir='ltr'>edictae</span> <span class='ocrx_word' id='word_1_298' title='bbox 320 4016 477 4079; x_wconf 79' lang='lat' dir='ltr'>aritidoto</span> <span class='ocrx_word' id='word_1_299' title='bbox 513 4020 700 4081; x_wconf 86' lang='lat' dir='ltr'>curaretur.</span> <span class='ocrx_word' id='word_1_300' title='bbox 747 4019 819 4081; x_wconf 84' lang='lat' dir='ltr'>Alii</span> <span class='ocrx_word' id='word_1_301' title='bbox 852 4019 1083 4083; x_wconf 86' lang='lat' dir='ltr'>decernebant</span> <span class='ocrx_word' id='word_1_302' title='bbox 1117 4039 1186 4080; x_wconf 91' lang='lat' dir='ltr'>non</span> <span class='ocrx_word' id='word_1_303' title='bbox 1218 4036 1290 4080; x_wconf 89' lang='lat' dir='ltr'>esse</span> 
     </span>
    </p>
   </div>
   <div class='ocr_carea' id='block_1_3' title="bbox 170 4151 1292 4310">
    <p class='ocr_par' dir='ltr' id='par_1_3' title="bbox 170 4151 1292 4310">
     <span class='ocr_line' id='line_1_42' title="bbox 171 4151 1291 4202; baseline 0 -9"><span class='ocrx_word' id='word_1_304' title='bbox 171 4162 192 4193; x_wconf 74' lang='lat' dir='ltr'>ur</span> <span class='ocrx_word' id='word_1_305' title='bbox 208 4155 266 4192; x_wconf 67' lang='lat' dir='ltr'>llud.</span> <span class='ocrx_word' id='word_1_306' title='bbox 283 4157 301 4191; x_wconf 79' lang='lat' dir='ltr'><em>A</em></span> <span class='ocrx_word' id='word_1_307' title='bbox 311 4156 329 4191; x_wconf 85' lang='grc'>1.</span> <span class='ocrx_word' id='word_1_308' title='bbox 345 4154 404 4191; x_wconf 74' lang='lat'>131⁸.</span> <span class='ocrx_word' id='word_1_309' title='bbox 414 4154 433 4192; x_wconf 71' lang='lat'>2.</span> <span class='ocrx_word' id='word_1_310' title='bbox 489 4153 512 4197; x_wconf 77' lang='lat' dir='ltr'>b)</span> <span class='ocrx_word' id='word_1_311' title='bbox 527 4154 591 4192; x_wconf 65' lang='lat' dir='ltr'>lieni.</span> <span class='ocrx_word' id='word_1_312' title='bbox 608 4155 696 4193; x_wconf 68' lang='lat' dir='ltr'>Sirenis</span> <span class='ocrx_word' id='word_1_313' title='bbox 711 4155 758 4193; x_wconf 73' lang='lat' dir='ltr'>aa.</span> <span class='ocrx_word' id='word_1_314' title='bbox 809 4153 829 4197; x_wconf 73' lang='lat' dir='ltr'>cl</span> <span class='ocrx_word' id='word_1_315' title='bbox 845 4152 945 4193; x_wconf 79' lang='lat' dir='ltr'>Auderat</span> <span class='ocrx_word' id='word_1_316' title='bbox 959 4154 1019 4194; x_wconf 61' lang='grc' dir='ltr'><strong>ΒΗ).</strong></span> <span class='ocrx_word' id='word_1_317' title='bbox 1066 4153 1088 4201; x_wconf 87' lang='lat' dir='ltr'>d)</span> <span class='ocrx_word' id='word_1_318' title='bbox 1102 4151 1291 4202; x_wconf 70' lang='lat' dir='ltr'>compereram.</span> 
     </span>
     <span class='ocr_line' id='line_1_43' title="bbox 171 4205 1290 4256; baseline 0.001 -11"><span class='ocrx_word' id='word_1_319' title='bbox 171 4208 309 4255; x_wconf 64' lang='lat' dir='ltr'>ererppella</span> <span class='ocrx_word' id='word_1_320' title='bbox 323 4207 368 4244; x_wconf 70' lang='lat' dir='ltr'>Br&#39;.</span> <span class='ocrx_word' id='word_1_321' title='bbox 437 4205 651 4248; x_wconf 57' lang='lat' dir='ltr'>filiationem.</span> <span class='ocrx_word' id='word_1_322' title='bbox 715 4206 943 4255; x_wconf 73' lang='lat' dir='ltr'>grevennbmarb.</span> <span class='ocrx_word' id='word_1_323' title='bbox 1008 4206 1290 4256; x_wconf 70' lang='lat' dir='ltr'>h)sarhag.132mmper.</span> 
     </span>
     <span class='ocr_line' id='line_1_44' title="bbox 170 4259 1292 4310; baseline 0.001 -12"><span class='ocrx_word' id='word_1_324' title='bbox 170 4261 421 4306; x_wconf 58' lang='lat' dir='ltr'>annumeramus.</span> <span class='ocrx_word' id='word_1_325' title='bbox 463 4260 591 4301; x_wconf 63' lang='lat' dir='ltr'>truella.</span> <span class='ocrx_word' id='word_1_326' title='bbox 634 4261 649 4306; x_wconf 90' lang='grc'>1)</span> <span class='ocrx_word' id='word_1_327' title='bbox 663 4261 765 4299; x_wconf 67' lang='lat' dir='ltr'>llocBr.</span> <span class='ocrx_word' id='word_1_328' title='bbox 807 4259 1061 4308; x_wconf 73' lang='lat' dir='ltr'>rnlquomodoAl.l¹.</span> <span class='ocrx_word' id='word_1_329' title='bbox 1104 4260 1292 4310; x_wconf 70' lang='lat' dir='ltr'>u)polonosB2.</span> 
     </span>
    </p>
   </div>
   <div class='ocr_carea' id='block_1_4' title="bbox 172 4365 1292 4433">
    <p class='ocr_par' dir='ltr' id='par_1_4' title="bbox 172 4365 1292 4433">
     <span class='ocr_line' id='line_1_45' title="bbox 172 4365 1292 4433; baseline -0.003 -15"><span class='ocrx_word' id='word_1_330' title='bbox 172 4371 198 4433; x_wconf 81' lang='lat'>1)</span> <span class='ocrx_word' id='word_1_331' title='bbox 219 4368 260 4430; x_wconf 74' lang='lat' dir='ltr'>Cf.</span> <span class='ocrx_word' id='word_1_332' title='bbox 274 4383 341 4432; x_wconf 72' lang='lat' dir='ltr'>picae</span> <span class='ocrx_word' id='word_1_333' title='bbox 354 4367 449 4417; x_wconf 68' lang='lat' dir='ltr'>Brimo</span> <span class='ocrx_word' id='word_1_334' title='bbox 467 4383 487 4420; x_wconf 84' lang='lat' dir='ltr'>c.</span> <span class='ocrx_word' id='word_1_335' title='bbox 503 4370 544 4420; x_wconf 83' lang='grc'>17.</span> <span class='ocrx_word' id='word_1_336' title='bbox 563 4368 594 4418; x_wconf 78' lang='lat' dir='ltr'>de</span> <span class='ocrx_word' id='word_1_337' title='bbox 612 4367 716 4429; x_wconf 70' lang='lat' dir='ltr'>foedere</span> <span class='ocrx_word' id='word_1_338' title='bbox 735 4365 912 4418; x_wconf 67' lang='lat' dir='ltr'>intersecans</span> <span class='ocrx_word' id='word_1_339' title='bbox 929 4372 953 4417; x_wconf 80' lang='lat' dir='ltr'>et</span> <span class='ocrx_word' id='word_1_340' title='bbox 965 4366 1083 4418; x_wconf 68' lang='lat' dir='ltr'>Saxam</span> <span class='ocrx_word' id='word_1_341' title='bbox 1101 4368 1172 4430; x_wconf 79' lang='lat' dir='ltr'>sacto</span> <span class='ocrx_word' id='word_1_342' title='bbox 1184 4372 1292 4420; x_wconf 78' lang='lat' dir='ltr'>narrat.</span> 
     </span>
    </p>
   </div>
   <div class='ocr_carea' id='block_1_5' title="bbox 0 0 1432 5026">
    <p class='ocr_par' dir='ltr' id='par_1_5' title="bbox 0 0 1432 5026">
     <span class='ocr_line' id='line_1_46' title="bbox 0 0 1432 5026; baseline 0 0"><span class='ocrx_word' id='word_1_343' title='bbox 0 0 1432 5026; x_wconf 95' lang='lat' dir='ltr'> </span> 
     </span>
    </p>
   </div>
  </div>
 </body>
</html>
