2842 5026
344 436 544 491 LAMPERTI
562 436 750 491 ANNALES.
787 437 822 493 A.
843 440 921 493 1077.
1142 441 1196 493 285

67 621 148 680 tum
173 619 351 694 aluissent,
376 623 416 681 ut
440 620 508 682 iam
532 621 640 684 tercio
661 621 730 682 dux
747 620 929 683 Boemicus
949 639 1094 700 regnum
1113 619 1283 683 Teu-1077.

67 708 251 770 tonicam
284 708 377 771 ferro
413 712 448 771 et
482 709 562 831 iffine
595 709 862 791 populabundus
893 711 1123 790 peragrasset,
1160 711 1196 771 et

70 815 166 859 nunc
198 797 268 858 dux
291 796 499 859 Polenorum
547 797 584 859 in
613 797 838 879 ignominiam
869 797 966 879 regni
989 796 1192 860 Teutonici⁸

71 889 197 946 contra
220 884 313 967 leges
337 906 377 948 ac
400 885 477 947 iura
499 886 665 947 maiorum
690 885 823 968 regium
847 906 971 948 nomen
995 885 1195 968 regiumque

49 970 236 1036 sdiadema
257 973 439 1055 impudens
463 974 670 1037 affectasset.

182 1060 254 1124 Rex
278 1060 464 1125 Heinricus
492 1062 529 1123 in
553 1061 694 1124 Italiam
720 1061 947 1144 proficiscens,
979 1062 1090 1123 intra⁰
1112 1062 1284 1123 Bur-1076.

74 1149 242 1228 guadiam
267 1149 302 1211 in
326 1150 402 1213 loco
426 1150 486 1231 qui
508 1150 636 1213 dicitur
660 1144 851 1212 Bisenzund
878 1150 1031 1213 natalem
1055 1150 1196 1212 Domini
1206 1175 1256 1216 aa.
1265 1174 1297 1215 aa.

75 1237 297 1300 celebrante·
310 1237 330 1313 ¹,
363 1238 447 1300 satis
478 1238 658 1321 magnifice
689 1259 751 1321 pro
781 1258 844 1300 sua
873 1231 969 1300 tumf
997 1238 1195 1302 calamitate

76 1330 257 1408 susceptus
291 1330 327 1389 et
361 1326 502 1388 habitus
537 1327 579 1389 ab
615 1327 786 1389 avunculo
821 1327 941 1389 matris
975 1347 1056 1390 suae
1085 1326 1195 1388 Willi-

34 1411 215 1480 ‚nbelmoss
234 1415 368 1490 comite,
394 1415 491 1477 cuius
514 1414 552 1476 in
574 1415 645 1477 illis
669 1415 753 1478 locis
773 1415 1003 1497 amplissimae
1023 1419 1058 1478 et
1077 1415 1196 1478 floren-

78 1501 230 1566 tissimae
265 1523 346 1585 opes
377 1506 485 1566 erant.
533 1503 584 1566 Ea
618 1524 718 1586 porro
750 1524 853 1566 causa
883 1506 971 1575 erat,
1004 1507 1044 1564 ut
1074 1503 1196 1566 relicto

77 1594 170 1654 recto
194 1591 319 1654 itinere
342 1592 379 1652 in
395 1591 633 1673 Burgundiam
654 1592 849 1666 diverteret,
875 1592 966 1673 quod
991 1594 1085 1655 certo
1109 1612 1197 1654 com·

77 1683 214 1760 perorat
242 1679 346 1743 duces
369 1679 569 1755 Rudolfum,
595 1673 712 1743 Welfh
741 1683 776 1743 et
800 1673 1046 1743 Berhtoldum¹
1078 1700 1196 1742 omnes

74 1767 147 1829 vias
172 1788 358 1849 omnesque
382 1768 508 1844 aditus,
533 1769 592 1850 qui
616 1769 660 1830 ad
680 1768 819 1830 Italiam
844 1768 1000 1842 mittunt,
1025 1788 1110 1849 quos
1127 1768 1197 1829 vul·

24 1877 60 1919 ta
69 1858 158 1936 gato
187 1857 325 1919 nomine
356 1857 468 1919 clusas
491 1860 625 1932 vocant,
657 1857 824 1939 appositis
853 1857 1054 1919 custodibus
1078 1857 1197 1919 antici·

64 1963 185 2025 passe,
218 1947 257 2006 ut
280 1945 379 2006 nulla
400 1945 473 2008 illic
504 1946 536 2009 ei
560 1946 657 2028 copia
685 1946 888 2009 transeundi
912 1946 1019 2009 fieret.
1067 1945 1198 2008 Exacta

59 2031 296 2096 solemnitate
312 2033 440 2095 natalis
457 2034 597 2096 Domini
614 2034 789 2116 profectus
813 2034 903 2105 inde,
929 2055 1006 2096 cum
1030 2034 1066 2094 in
1083 2034 1196 2097 locum
1206 2059 1267 2102 (aa.
1275 2059 1320 2106 n),

58 2120 133 2202 qui
152 2115 301 2183 &visk-²
317 2122 445 2184 dicitur
459 2123 618 2195 venisset,
636 2122 772 2185 obviam
788 2122 912 2185 habuit
928 2143 1062 2185 socrum
1079 2124 1198 2185 suam³

54 2207 256 2291 filiumque
280 2210 353 2273 eius
376 2211 567 2274 Amedeum
592 2212 739 2286 nomine,
769 2232 913 2292 quorum
936 2211 973 2272 in
996 2210 1067 2272 illis
1091 2212 1196 2293 regio-

10 2317 40 2355 ιο
56 2297 180 2359 nibus
211 2301 246 2361 et
270 2293 472 2361 'auctoritas
502 2299 690 2362 clarissima
720 2302 756 2362 et
780 2299 1008 2381 possessiones
1032 2300 1197 2382 amplissi-

10 2372 36 2414 3·
54 2406 152 2449 mae
177 2389 213 2449 et
236 2407 361 2449 nomen
385 2387 644 2450 celeberrimum
665 2391 748 2451 erat.
785 2381 851 2449 Ηί1
874 2388 1069 2451 venientem
1093 2389 1197 2450 hono·

55 2473 171 2538 rifice
197 2479 431 2557 susceperunt.
475 2475 673 2538 Transitum
697 2480 813 2539 tamen
842 2497 903 2559 per
924 2477 1090 2539 terminos
1118 2497 1197 2539 suos

59 2561 163 2625 alias
188 2564 220 2626 ei
244 2564 430 2628 concedere
454 2564 629 2640 nolebant,
658 2565 724 2627 nisi
748 2565 898 2646 quinque
922 2565 1047 2628 Italiae
1072 2565 1197 2647 episco-

65 2655 180 2734 patus
209 2652 479 2734 possessionibus
509 2654 579 2715 suis
603 2654 784 2736 contiguos
815 2654 863 2716 eis
893 2653 1117 2716 redimendim
1144 2654 1197 2714 iti-

10 2763 41 2803 5
68 2741 169 2803 neris
200 2741 353 2823 precium
384 2742 568 2804 traderetl.
616 2742 750 2804 Durum
781 2742 846 2804 hoc
877 2741 979 2803 nimis
1010 2745 1114 2823 atque
1149 2742 1196 2803 in·
1235 2782 1242 2794 -

72 2829 260 2892 tolerabile
291 2830 449 2892 omnibus
484 2831 574 2912 regis
610 2830 813 2893 consiliariis
848 2830 959 2892 visum
994 2830 1077 2894 esta
1130 2830 1197 2894 Sed

79 3020 101 3064 ι)
114 3018 224 3059 Tbeuton.
239 3019 259 3060 h.
269 3020 284 3060 l.
298 3019 356 3060 131⁸.
364 3020 383 3061 i.
439 3019 605 3068 b)p010n0mm
620 3021 670 3058 131ι
685 3021 729 3061 nl.
779 3021 800 3068 c)
815 3020 874 3058 iuter
888 3019 947 3061 alb.
988 3017 1012 3065 d>
1027 3020 1137 3058 Blzcnsim
1151 3019 1197 3059 Be.

80 3075 100 3117 e)
113 3071 202 3111 celebra
216 3072 261 3112 Be.
316 3073 422 3118 otamen
436 3072 496 3115 Blb.
563 3077 587 3121 g)
602 3074 719 3112 Wilhelmo
733 3075 780 3114 ΔΙ.
848 3074 872 3120 h)
886 3073 956 3112 wolff
966 3071 1053 3113 ΒΙΜ
1114 3072 1130 3118 i)
1145 3073 1198 3110 Ber·

80 3125 179 3162 tholdum
194 3127 240 3165 Ar.
255 3124 319 3175 BQ
339 3124 438 3168 Bertold.
452 3127 509 3168 1310.
577 3127 601 3176 k)
618 3128 649 3165 eie
663 3128 714 3176 Al,
736 3137 790 3166 cuus
804 3129 851 3173 (aut
865 3126 921 3165 cluis
935 3127 995 3171 131⁸)
1010 3126 1059 3174 131;
1081 3126 1137 3164 ulula
1151 3125 1197 3166 1³2.

10 3181 63 3219 'o
80 3178 96 3223 l}
108 3178 145 3216 llll
161 3179 182 3219 h.
192 3179 207 3220 1.
220 3179 266 3219 131.
275 3181 293 3220 2.
348 3179 378 3225 ml
393 3177 528 3218 redimendls
542 3178 602 3221 1³1⁵.

83 3338 106 3400 l)
122 3337 258 3389 Consentii
277 3338 413 3391 Berllrold.
439 3337 523 3407 (Ann.
543 3339 570 3393 S.
590 3338 690 3402 Blasii)
705 3341 808 3404 psas.
852 3339 904 3388 Udi
920 3340 1000 3389 eiiam
1018 3337 1060 3387 die
1080 3337 1196 3390 Denso.

83 3424 126 3458 rex
152 3414 274 3459 'aornim
297 3416 342 3462 est.
380 3410 422 3472 Cf.
443 3411 482 3462 St.
501 3413 598 3464 27950.
671 3412 698 3475 2)
717 3411 782 3460 Cum
808 3411 837 3459 in
861 3411 972 3459 editione
991 3411 1087 3473 priore
1104 3413 1198 3458 cmsira

83 3479 211 3529 librorum
231 3480 308 3542 fidem
327 3481 374 3530 boe
392 3481 444 3531 loco
462 3479 536 3532 Ciuis
554 3483 683 3545 seriptum
701 3487 771 3543 esset,
792 3480 915 3530 nonnulli
932 3486 1042 3530 montem
1056 3480 1197 3540 Ciniainm,

86 3550 120 3603 ll'.
139 3551 173 3601 de
193 3550 357 3602 Gieeebreelrt
375 3551 430 3613 III,
445 3568 475 3616 p.
491 3554 566 3605 1147.
598 3551 697 3602 Cicerae
710 3568 795 3618 prope
808 3552 937 3602 Gnievam
955 3551 1025 3601 hunc
1044 3551 1126 3601 locum
1146 3565 1199 3600 ecee

10 3624 260 3672 ”eanimurum
277 3623 451 3686 (Villemain,
472 3622 551 3676 ‘Hae
571 3623 601 3673 de
621 3622 748 3687 Gripoire
767 3622 838 3675 VII!
862 3622 905 3684 II,
929 3639 956 3688 p.
978 3624 1035 3674 102.
1059 3621 1090 3669 de
1113 3621 1199 3685 l'evap

76 3692 224 3760 capitanii).
261 3693 334 3742 Mihi
355 3709 514 3757 persuanim
539 3701 576 3743 esi
594 3693 689 3758 Lamp.
713 3695 829 3744 nominis
847 3695 963 3756 formam
981 3694 1132 3757 corrupisse
1150 3693 1197 3753 (cf.

71 3777 163 3828 suma
181 3781 210 3828 p.
223 3764 267 3827 68,
288 3764 362 3817 l.16.
381 3761 471 3814 Civois
485 3779 539 3829 pro
555 3762 642 3821 Ivois)
660 3771 683 3814 et
701 3765 926 3815 verisimillimum
942 3769 1008 3829 pulo
1026 3763 1097 3812 hune
1114 3763 1199 3812 loerem

70 3835 164 3894 francae
178 3833 245 3897 Gex,
265 3841 328 3883 tnnc
339 3835 438 3884 dietum
452 3835 518 3897 lais,
537 3836 598 3886 inde
610 3835 721 3885 Roduno
733 3836 814 3898 sturio
828 3850 913 3900 prope
927 3836 1055 3885 Generum
1075 3835 1198 3895 transito,

67 3911 104 3954 rei
126 3904 266 3955 Benene.
289 3906 394 3969 retulit,
421 3921 506 3970 repnn
526 3905 725 3956 cantheriorum
747 3906 896 3970 profectum
920 3921 979 3958 esse.
1017 3904 1120 3954 Abinde
1143 3904 1200 3954 eide

10 3980 53 4017 1⁰
63 3975 187 4026 itineris
198 3975 399 4041 descriptionem
416 3978 445 4026 in
457 3979 529 4028 Ann.
543 3976 626 4038 Sua,
648 3975 695 4028 SS.
710 3977 740 4026 X
745 3976 789 4038 VI,
808 3993 836 4041 p.
849 3977 910 4029 337.
978 3976 1005 4040 3)
1016 3975 1198 4036 adalheidem,

66 4053 193 4097 nimirem
210 4048 319 4111 repinae
336 4047 459 4099 Ber-thee.
540 4048 568 4110 4)
589 4046 692 4111 Optimo
711 4050 770 4098 inre
788 4047 865 4097 Floto
883 4046 922 4109 II,
939 4062 968 4110 p,
984 4048 1042 4098 123.
1061 4045 1109 4095 hoc
1127 4047 1200 4109 inep-

62 4122 135 4167 tum
155 4123 326 4168 oeramentum
345 4119 441 4170 reiecit.
496 4119 523 4182 5)
547 4118 620 4168 Unde
637 4120 770 4182 repentini
786 4118 817 4167 hi
833 4117 986 4167 consiliarii
1003 4131 1090 4166 ornnes
1107 4115 1201 4177 repis?

74 4187 115 4239 Ue
142 4189 270 4238 miserum
294 4193 393 4239 etatum
416 4190 487 4253 repis
512 4191 698 4253 miseriamque
719 4191 824 4238 itineris
841 4189 999 4252 depinperei,
1024 4185 1200 4251 supradixit

67 4259 177 4325 lamp.
202 4275 284 4308 unum
308 4264 412 4309 ionium
431 4261 519 4309 uimtm
538 4261 680 4322 inponunm
699 4275 756 4309 eum
774 4261 923 4309 comitatum
944 4272 1003 4308 esse.
1041 4259 1096 4306 Aut
1115 4257 1201 4319 ipiinr

10 4331 50 4373 Εὖ
68 4346 167 4395 snpra
193 4331 316 4381 mentitus
333 4335 378 4393 est,
405 4336 453 4381 ant
477 4331 559 4379 tacuit
582 4329 676 4380 naulae
701 4332 729 4380 in
755 4332 849 4380 itinere
874 4329 911 4378 ad
928 4343 1015 4392 repem
1033 4327 1199 4390 cmifltixiesn

71 4415 145 4452 sane
160 4405 234 4466 putee
251 4416 310 4451 eum
328 4400 440 4463 fraudis
456 4401 510 4450 eibi
526 4403 657 4451 conscium
676 4400 767 4463 fuisse.
