2842 5026
500 438 721 493 PRAEFATIO
741 438 836 495 0.1v.
1101 439 1230 495 XXXIX

102 619 255 684 heresibus
269 620 423 702 antiquis,
448 620 503 701 qni
512 620 687 701 perierunt,
712 621 854 701 sumpsit,
878 627 913 684 ut
921 621 1049 702 princes
1066 621 1105 686 G.
1122 621 1229 686 Waitr

103 715 185 772 recte
207 708 350 772 statuit¹.
398 710 507 790 Neque
521 709 635 790 ubique
650 711 695 773 ad
707 710 834 772 uerbum
849 709 1068 791 transscripsit
1083 711 1229 774 Annales

103 796 352 877 Hersfeldenses
373 799 423 861 cel
444 797 643 877 Altabenses,
674 818 896 878 nonnusquam
925 819 1098 862 sermonem
1121 819 1229 863 eornm

102 886 267 949 mcdiorem
283 885 440 968 expolivit,
465 886 622 950 nonnulla
637 892 748 950 temere
768 885 973 967 taunasim,
997 887 1097 950 multa
1112 886 1226 966 arrisit,

78 994 265 1055 sperpanca
299 975 396 1039 etiam
429 974 546 1039 rerbaB
579 973 704 1039 addidit
738 975 786 1038 cel
818 973 1004 1055 immutarit,
1043 995 1123 1056 quae
1153 975 1228 1040 lecto

103 1061 285 1144 &pinariis
312 1062 470 1129 Chronica
499 1062 619 1142 didicit,
650 1064 713 1142 sed,
744 1062 888 1144 actamnis
915 1063 972 1127 hoc
999 1062 1168 1129 chronicon
1191 1063 1228 1128 in

102 1151 298 1215 monasteria
313 1151 480 1216 haberetur
488 1153 510 1232 ⁴,
535 1150 739 1232 amianarum
754 1157 861 1215 tamen
882 1158 1054 1232 temporum
1076 1151 1228 1216 historiae

101 1245 170 1302 tam
192 1260 315 1321 parum
344 1239 503 1305 studiosus
530 1247 608 1319 erat,
638 1246 674 1303 ut
701 1239 831 1303 minime
859 1261 898 1304 erc
926 1240 984 1305 hoc
1013 1239 1093 1303 libro
1123 1242 1228 1305 breves

101 1328 240 1392 annales
263 1349 337 1393 suos
359 1328 538 1410 ampliaret.
588 1328 667 1394 (liam
688 1329 833 1408 studeret,
857 1335 892 1392 ut
910 1328 1008 1392 series
1022 1328 1227 1409 archiepisco

66 1437 217 1496 iopornm
246 1416 510 1498 Mapontinornm
546 1423 575 1481 et
607 1417 755 1481 abbatum
784 1416 995 1481 Fuldensium
1024 1417 1227 1496 Hersfelden

100 1505 248 1586 dumque
270 1505 412 1588 intectas
434 1505 599 1585 ecteiberet,
630 1507 667 1570 de
697 1526 805 1570 eonem
832 1505 1013 1569 cornicibus
1035 1512 1064 1570 et
1086 1505 1227 1587 tenpori-

102 1595 161 1657 bus
183 1613 424 1675 nonnumquam
445 1593 544 1658 nimis
566 1600 677 1658 temere
700 1593 872 1659 coniectata
894 1593 1021 1676 scripsit
1030 1595 1051 1655 ⁶.

211 1684 266 1746 Ab
293 1704 324 1746 a.
346 1688 572 1762 1040-1068,
597 1703 661 1763 pro
689 1702 753 1764 qua
775 1689 871 1763 parte
900 1683 1090 1763 Lampertus
1112 1681 1228 1765 promel

102 1769 199 1834 dubm
222 1771 405 1835 Annalium
428 1770 706 1850 Hersseldensinm
734 1770 970 1835 continuatione
997 1770 1091 1850 breui,
1122 1770 1227 1835 ncscm

66 1879 200 1939 normico
223 1860 270 1922 ad
291 1878 381 1939 arcem
403 1881 534 1939 annum,
557 1880 635 1923 usus
657 1865 710 1939 est,
734 1865 890 1940 utsupra
907 1880 942 1939 p.
955 1863 1129 1920 XXXVIII.
1146 1858 1225 1938 dici,

95 1947 262 2028 paulatim
285 1947 395 2012 crescit
416 1969 523 2012 rernm
546 1953 756 2011 narratarum
778 1946 922 2011 materia.
962 1947 1071 2010 Multa
1091 1946 1224 2027 quidem,

102 2035 317 2116 expeditiones
339 2056 456 2117 repam,
485 2034 694 2101 successiones
721 2034 934 2117 episcoporum
961 2037 1168 2115 abbatumque
1189 2034 1227 2100 in

103 2124 163 2188 hac
193 2145 315 2205 atroque
338 2130 433 2205 parte
462 2124 595 2188 breviter
623 2130 716 2205 atque
744 2123 850 2187 ieiune
877 2122 1113 2187 annalistarum
1140 2144 1226 2188 more

102 2212 207 2275 relata
236 2219 320 2293 arnt,
351 2212 387 2276 in
416 2232 480 2293 qua
506 2233 598 2293 saepe
627 2211 779 2276 mensoria
807 2211 916 2293 lapsus
937 2233 1044 2275 rernm
1065 2218 1226 2293 postorum

65 2301 254 2382 ntemporis
270 2300 413 2365 ordinem
429 2301 583 2383 pervertit
598 2321 636 2365 ac
651 2300 797 2364 turbauit.
841 2301 905 2365 Sed
926 2299 992 2364 iam
1015 2299 1065 2364 his
1087 2300 1226 2364 insertae

103 2388 264 2470 tonpiores
292 2389 496 2453 narrationes
525 2411 635 2454 earnm
664 2409 771 2452 rerum
802 2387 1054 2469 modernarum,
1090 2409 1226 2469 arranem

103 2478 210 2540 studio
233 2484 344 2543 auctor
367 2498 516 2543 accensus
538 2484 601 2541 est:
624 2477 765 2542 oistelicet
792 2476 952 2556 Gotefridi
975 2479 1029 2541 H.
1054 2477 1143 2542 doceis
1166 2478 1226 2541 Lo-

102 2566 289 2648 tharinaiae
319 2573 347 2631 et
375 2565 492 2645 fratris
521 2565 589 2630 eius
618 2565 811 2646 Friderici⁶,
836 2572 948 2647 postea
978 2565 1132 2646 Stephani
1155 2566 1224 2630 IX.

96 2676 216 2735 papae,
246 2661 343 2735 posta,
374 2675 507 2736 quorum
536 2676 605 2719 crim
629 2674 793 2736 perpauca
821 2674 897 2718 cera
925 2653 1077 2718 noemmin
1100 2660 1224 2733 teneret,

64 2743 229 2824 eereliqua
253 2745 360 2808 eadem
383 2750 452 2807 arte
474 2764 537 2825 qua
559 2743 596 2808 in
616 2742 689 2807 Vita
705 2742 794 2807 lariti
815 2745 1027 2823 componenda
1049 2763 1126 2806 riuis
1149 2763 1225 2807 corn-

101 2838 228 2896 mcntus
262 2833 346 2912 est⁷,·
383 2838 448 2895 tum
482 2831 608 2896 rebellio
635 2831 821 2913 principum
857 2831 1019 2895 Saaoniae
1053 2830 1089 2894 in
1123 2851 1226 2913 recem

104 3059 134 3123 1)
162 3057 211 3112 SS.
235 3060 265 3122 l',
290 3075 320 3125 p.
339 3061 399 3122 141,
426 3076 453 3112 n.
475 3061 525 3120 34;
554 3059 634 3112 ‘aaa
657 3058 767 3112 Naohr!
792 3061 868 3113 1866.
893 3075 923 3124 p.
941 3060 1002 3113 305.
1045 3058 1124 3122 Quen
1145 3058 1227 3108 eeneii

102 3135 169 3181 eunt
194 3129 229 3183 E.
249 3129 470 3194 Ehrenfeuchtcr,
495 3130 554 3180 ‘Die
579 3129 702 3180 Annalem
728 3145 777 3181 uon
801 3130 1010 3180 Niederaltaich’
1025 3147 1053 3197 p.
1067 3133 1102 3183 32
1114 3146 1178 3195 sqq,
1203 3135 1226 3180 ct

103 3201 213 3250 Larem
226 3216 256 3267 p.
266 3202 301 3254 46
310 3216 366 3267 sqq.
395 3199 508 3252 Omnirw
519 3200 695 3263 rotelandam
708 3215 738 3250 ac
750 3201 910 3251 reiciendum
922 3207 968 3264 est,
986 3200 1056 3266 quod
1065 3200 1115 3253 Fr.
1123 3200 1224 3262 Kurze,

63 3270 167 3322 eo‘Da
192 3271 349 3335 Hecateider
374 3271 431 3322 und
455 3273 497 3323 die
520 3275 659 3337 praeserere
685 3271 879 3322 Hildeoheimer
905 3271 1100 3337 Jahruicher’,
1127 3271 1225 3335 Proar.

103 3342 256 3393 Stroisund
275 3344 352 3397 1892.
367 3345 517 3408 proponit,
544 3342 620 3393 nulm
638 3357 707 3393 sana
726 3345 831 3394 ratione
848 3344 933 3407 nisus,
959 3358 993 3393 ex
1012 3344 1083 3394 Ann.
1103 3340 1224 3391 Hildcsh.

105 3415 171 3466 onai.
189 3419 297 3478 sumpta
322 3429 375 3464 esse
399 3429 466 3479 quae
483 3416 556 3466 Ann.
576 3412 667 3466 Altah.
686 3418 709 3463 a
728 3413 889 3480 Lamperms
911 3415 981 3464 inter
1003 3429 1029 3465 a.
1043 3414 1103 3466 974.
1123 3417 1146 3462 ct
1164 3412 1225 3465 984.

104 3483 158 3534 soli
175 3485 324 3535 wmarunia
342 3482 445 3537 habent.
517 3485 545 3549 2)
565 3483 606 3547 Of.
627 3484 705 3548 infra
719 3500 749 3550 p.
762 3487 806 3549 20,
826 3501 853 3536 n.
866 3486 892 3537 2.
911 3486 954 3548 24,
974 3500 1001 3536 n.
1016 3486 1038 3537 1.
1058 3486 1102 3543 30,
1121 3499 1147 3536 u.
1160 3485 1187 3537 2.
1200 3485 1225 3537 3.

105 3557 150 3620 42,
170 3571 197 3607 n.
212 3556 236 3608 1.
250 3557 276 3609 5.
293 3557 338 3616 44,
356 3571 383 3608 n.
395 3557 422 3608 2.
440 3556 484 3618 46,
504 3571 532 3608 n.
545 3556 623 3608 4—6.
696 3557 724 3619 3)
745 3555 787 3618 Cf.
807 3555 888 3617 infra
907 3572 936 3620 p.
952 3556 993 3618 14,
1012 3571 1038 3607 n.
1052 3556 1077 3608 3.
1096 3556 1140 3618 26,
1160 3571 1186 3606 n.
1201 3555 1225 3608 6.

66 3627 150 3687 ³662,
168 3642 195 3678 n.
209 3627 235 3679 2.
305 3628 335 3692 4)
354 3625 396 3690 Cf.
415 3642 502 3691 uepra
518 3644 545 3693 p.
562 3633 704 3691 xxr'llsq.
742 3625 877 3689 Quaedam
896 3628 975 3676 etiarn
993 3626 1103 3677 aliunde
1120 3630 1226 3692 sumpta

106 3696 201 3746 addita
214 3701 289 3757 sunt,·
308 3698 342 3760 cf.
351 3714 381 3763 p.
391 3698 435 3761 20,
449 3713 475 3750 n.
487 3699 511 3750 6.
531 3699 574 3762 36,
588 3713 614 3751 n.
625 3698 650 3750 4.
671 3699 714 3760 36,
728 3713 755 3750 n.
765 3699 790 3750 2.
809 3698 853 3760 46,
865 3713 890 3750 n.
899 3700 923 3750 2.
944 3699 986 3761 50,
998 3713 1024 3749 n.
1033 3700 1058 3750 2.
1078 3698 1121 3760 54,
1132 3714 1158 3749 n.
1169 3698 1226 3750 1.4.

107 3768 151 3817 Ad
169 3783 195 3820 a.
209 3769 271 3829 645,
287 3784 315 3834 p.
328 3770 363 3822 25
375 3783 424 3834 sq,
443 3768 565 3819 notitiam
583 3767 719 3834 quandam
738 3768 769 3818 dc
787 3767 916 3819 reditibus
934 3768 1096 3817 mutuarum
1110 3769 1139 3817 in
1153 3766 1227 3816 Thn-

105 3839 201 3903 rinaia
220 3839 390 3904 exscripsisse
407 3839 520 3902 ridetur,
540 3838 654 3890 similem
667 3840 699 3899 ei,
717 3855 798 3905 mom
811 3839 884 3889 edidi
894 3839 973 3901 infra
988 3855 1017 3904 p.
1026 3841 1087 3892 356.
1135 3839 1163 3903 5)
1183 3837 1225 3900 Cf.

103 3928 131 3976 p.
144 3910 189 3971 26,
208 3924 235 3961 n.
249 3911 274 3962 6.
287 3912 312 3963 4.
332 3912 376 3972 28,
394 3926 421 3963 n.
436 3912 459 3964 1.
473 3912 498 3964 2.
518 3911 561 3973 30,
581 3926 607 3962 n.
621 3912 647 3963 4.
665 3912 710 3972 46,
729 3926 755 3962 n.
770 3912 794 3963 7.
814 3911 857 3973 52,
875 3925 902 3962 n.
916 3912 940 3962 2.
1025 3912 1052 3975 6)
1073 3909 1107 3961 Α.
1122 3909 1225 3961 1044-

68 3982 185 4034 451046.
208 3982 285 4033 1050.
306 3983 383 4035 1051.
404 3982 597 4035 1053-1055.
618 3983 695 4035 1057.
716 3982 793 4034 1056.
885 3980 912 4045 7)
934 3979 1015 4030 Nullo
1040 3979 1115 4029 mado
1139 3979 1228 4041 facere

102 4067 222 4117 possum,
248 4056 278 4100 ut
302 4051 408 4103 medam
435 4067 493 4101 eum
511 4068 524 4103 e
541 4051 616 4115 fonte
633 4051 748 4117 quodam
768 4050 959 4115 Lotharinpico
978 4050 1142 4101 adhaeres
1160 4065 1228 4099 nar·

105 4121 210 4172 rondes
229 4122 376 4188 quidquam
395 4121 524 4185 hanonie,
543 4122 613 4187 quod
626 4121 777 4185 Steindorff
791 4121 807 4174 i.
819 4122 836 4174 l.
851 4121 890 4183 ΙΙ,
901 4138 928 4187 p.
939 4123 1000 4186 270,
1015 4137 1041 4172 n.
1052 4123 1077 4173 3.
1091 4123 1152 4174 297.
1166 4122 1227 4173 306.

104 4193 247 4253 contendit,
260 4198 289 4242 ut
301 4209 320 4243 a
329 4192 474 4259 Lamperto
487 4192 582 4244 horum
594 4199 799 4244 commentorum
812 4191 917 4257 cuipiam
929 4191 1078 4244 deuoueret.
1098 4190 1190 4254 Imneo,
1204 4192 1230 4241 si

106 4267 132 4314 ie
148 4263 223 4326 fonte
235 4263 428 4329 Letharinyico
445 4279 512 4315 ustie
530 4269 600 4325 esset,
619 4265 773 4329 neutiquam
793 4263 844 4314 has
862 4262 977 4327 fabulas,
996 4278 1063 4328 quas
1082 4262 1232 4325 Steindorff

69 4335 203 4399 nomime
220 4334 387 4397 diiudicarit,
408 4336 536 4400 proferre
556 4336 694 4401 potuisset:
731 4335 859 4396 Quicum
878 4333 1008 4400 Stephani
1022 4349 1111 4400 popae
1129 4331 1229 4383 obitum

107 4404 193 4456 uerbis
210 4405 342 4469 flebdibus
362 4405 503 4471 planxerit
528 4407 567 4467 (a.
588 4407 664 4459 1057.
686 4407 768 4469 1056)
790 4411 820 4455 ut
842 4409 939 4456 mortes
957 4404 1108 4469 Mepinheri
1125 4403 1229 4454 abbatis
