2842 5026
372 427 574 483 LAMPERTI
592 427 782 481 ansatas.
819 426 854 480 A.
876 429 953 483 1063.
1191 430 1226 482 87

101 616 148 681 et,
174 632 244 692 qua
268 612 317 683 vi,
350 633 417 693 qua
440 611 645 675 necessitate
668 611 712 672 ad
736 610 821 673 haec
845 614 998 673 extrema
1021 609 1228 691 experienda
1238 615 1315 668 loos.

102 699 216 761 coacti
249 700 335 773 sint,
367 701 520 763 edoceat.
568 699 640 782 Ipsi
671 697 838 780 paulatim
874 698 1049 780 pedestres
1084 697 1227 761 servatis

102 787 286 850 ordinibus
310 788 575 869 subsequuntur.
616 787 801 869 Postquam
826 787 972 849 nuncius
995 807 1035 849 eo
1060 786 1225 868 pervenit,

104 875 307 958 lectaequel
335 882 415 939 sunt
439 876 593 952 litterae,
627 876 747 939 horror
770 875 908 957 quidam
938 874 1086 956 perculit
1109 895 1227 937 omnes

79 965 162 1046 squi
187 965 225 1026 in
250 964 383 1046 palacio
407 969 506 1028 erant
537 985 639 1047 super
668 966 739 1026 tam
764 963 901 1045 procaci
923 963 1028 1038 tacto,
1061 962 1226 1025 miraban-

102 1056 231 1134 turque
255 1054 347 1117 inter
370 1053 511 1116 eximios
542 1057 577 1117 et
608 1051 817 1134 apostolicae
845 1051 1113 1114 conversationis
1137 1051 1227 1114 viros

103 1145 243 1203 tantum
269 1142 395 1224 flagicii
413 1142 565 1224 potuisse
581 1141 732 1224 reperiri,
758 1144 797 1202 ut
821 1140 972 1222 privatas
995 1139 1138 1201 iniurias
1154 1144 1226 1202 tam

104 1230 253 1312 pessimo
278 1224 454 1312 errernplob
483 1230 743 1302 ulciscerentur,
776 1234 858 1292 nec⁰
887 1228 951 1290 filii
974 1228 1097 1310 patris,
1128 1229 1162 1289 in
1187 1249 1227 1291 ea

104 1319 322 1400 potissimum
348 1318 555 1388 calamitate,
581 1318 833 1393 misererentur,
858 1317 894 1378 iu
918 1338 985 1397 qua
1008 1317 1125 1380 hostes
1148 1337 1226 1398 quo·

70 1402 191 1488 mque⁴¹
228 1428 307 1469 suos
342 1407 385 1469 ad
421 1407 674 1470 miserationem
711 1411 746 1469 et
780 1406 823 1468 ad
855 1405 1013 1468 lacrimas
1044 1425 1227 1487 provocare

105 1495 287 1577 potuisset.
334 1494 471 1558 Placuit
502 1496 618 1577 itaque
649 1495 808 1557 omnibus
830 1494 965 1575 insigne
995 1493 1061 1556 hoc
1091 1494 1227 1556 facinus

105 1584 234 1663 insigni
258 1584 373 1665 aliquo
397 1583 553 1666 exemplo
577 1583 754 1646 vindicari.
793 1583 879 1644 Tum
904 1603 962 1645 rex
979 1582 1121 1644 consilio
1146 1602 1227 1644 usus

106 1671 322 1735 Coloniensis
352 1672 601 1754 archiepiscopi
632 1676 668 1735 ct
691 1670 830 1734 Ottonis
858 1671 955 1734 ducis
979 1670 1225 1744 Baioariorum,

105 1782 251 1841 <prorum
283 1766 366 1823 tunc
391 1761 534 1824 arbitrio
564 1782 617 1824 res
641 1759 781 1842 publica
807 1759 1124 1824 administrabatur.
1156 1780 1227 1840 pre·

69 1849 215 1930 ucepit.
249 1855 288 1911 ut
319 1850 391 1931 ipse
423 1849 559 1912 baiulus
587 1849 781 1912 litterarum
807 1869 884 1911 cum
908 1847 985 1909 aliis
1009 1848 1135 1913 tribus.
1168 1848 1225 1928 qui

104 1944 265 2000 auctores
296 1938 478 2001 sedicionis
508 1938 663 2012 fuerant,
696 1958 756 2019 per
786 1937 920 1999 diversa
954 1936 1158 1999 monasteria
1192 1936 1227 1997 in

105 2026 264 2088 custodia
296 2026 447 2089 habendi
478 2026 708 2089 mitterentur.
755 2026 810 2088 Ad
842 2025 1122 2107 compescendam
1147 2045 1227 2087 vero

105 2119 278 2177 caeterum
310 2114 587 2188 multitudinem,
619 2114 800 2195 quoniam⁰
830 2134 892 2176 nec
924 2113 1047 2194 spiritu
1072 2113 1226 2176 lenitatis

105 2223 168 2265 nec
186 2203 283 2283 virga
300 2203 508 2265 monasticae
525 2203 750 2284 correptionis
769 2202 882 2264 sanari
899 2202 1101 2283 potuissent.
1122 2201 1228 2264 abbas

66 2317 95 2353 m
106 2291 250 2353 militari
286 2312 390 2353 mann
425 2295 591 2355 uteretur.
649 2284 766 2353 Tuncf
805 2290 911 2353 abbas
946 2290 1056 2352 missis
1092 2290 1227 2352 obviam

105 2379 277 2442 militibus
309 2379 438 2443 sineri
469 2383 504 2443 et
535 2379 689 2441 tumultu
720 2399 777 2442 eos
802 2379 947 2441 Fuldam
979 2379 1096 2441 reduci
1128 2379 1228 2440 iussit

105 2474 140 2530 et
166 2474 262 2531 extra
288 2468 533 2531 monasterium
558 2468 759 2531 custodibus
783 2467 949 2530 adhibitis
977 2488 1075 2529 suum
1101 2470 1227 2549 presto·

105 2555 170 2617 lari
195 2557 356 2619 reditum.
404 2555 483 2638 Ipse
507 2577 651 2638 quoque,
677 2556 749 2636 regi
774 2555 848 2619 vale
873 2557 976 2629 facto,
1006 2576 1063 2618 eos
1087 2577 1105 2617 e
1129 2555 1227 2618 vesti-

104 2645 163 2725 gio
188 2649 239 2707 est
264 2645 477 2707 subsecutus.
518 2644 573 2707 Ibi
597 2645 760 2708 collectos
784 2647 909 2706 tratres
933 2648 968 2707 et
992 2644 1119 2726 primos
1143 2644 1227 2705 mili·

66 2736 181 2797 atum
213 2732 437 2796 Fuldensinm
469 2733 528 2795 diu
560 2754 600 2796 ea
630 2733 839 2795 consultatio
870 2732 1000 2803 tenuit,
1037 2731 1225 2794 laieorums

105 2842 150 2882 an
183 2822 426 2883 monachorum
458 2822 586 2884 iudicio
616 2821 652 2883 in
688 2842 745 2884 eos
779 2821 1006 2883 animadverti
1042 2825 1226 2902 oporteret.

104 2909 200 2971 Vicit
224 2930 265 2971 ca
288 2910 469 2973 sententia.
494 2902 602 2991 quaeh
623 2909 785 2972 censebat
807 2930 873 2982 eos,
898 2910 956 2990 qui
981 2929 1121 2971 excusso
1146 2909 1227 2989 iugo

105 2997 261 3079 regulae,
287 3003 485 3079 contempto
509 2999 649 3069 abbate,
681 3019 742 3080 per
765 2997 1015 3061 contumaciam
1041 2998 1167 3078 egressi
1192 3002 1227 3060 ct

105 3086 253 3149 necdum
279 3086 313 3147 in
339 3086 581 3150 monasterium
607 3086 737 3168 recepti
761 3089 888 3156 essent,
918 3085 1083 3148 laicorum
1110 3086 1227 3167 pocius

66 3173 182 3253 alege.
207 3168 425 3238 iudicandosi
458 3176 542 3238 fore.
591 3168 667 3236 Itak
695 3175 801 3237 abbas
825 3174 990 3237 laicorum
1022 3174 1226 3237 iurisdictio·

104 3284 182 3325 nem
208 3270 356 3330 secutus.
382 3264 467 3326 dnos
484 3284 524 3326 ex
541 3263 599 3339 eis,
624 3262 771 3325 alterum
797 3263 1053 3344 presbiteratus,
1079 3263 1225 3325 alterum

105 3351 256 3413 diaconii
288 3352 416 3414 honore
440 3352 608 3432 insignes,
636 3351 737 3413 iussit
768 3352 905 3433 publice
930 3351 1034 3432 virgis
1065 3372 1158 3413 cesos
1190 3355 1225 3413 et

105 3444 261 3502 attonsos
285 3439 420 3521 expelli.
468 3439 630 3521 Reliquos
661 3439 780 3501 multis
811 3439 921 3521 plagis
952 3444 1141 3502 maceratos
1167 3459 1226 3520 per

106 3528 217 3590 vicina
249 3528 471 3603 monasteria,
503 3528 610 3590 alium
640 3528 708 3590 alio
739 3528 939 3590 transmisit.
991 3527 1044 3591 De
1079 3526 1224 3609 singulis

66 3621 222 3681 attamen
247 3637 315 3679 non
339 3638 400 3698 pro
425 3617 525 3680 modo
550 3616 688 3698 culpae,
721 3618 779 3679 sed
808 3638 869 3698 pro
893 3616 1062 3678 natalium
1086 3637 1227 3678 suorum

106 3704 265 3767 claritate
296 3705 349 3767 vel
380 3705 591 3768 obscuritate
627 3705 744 3767 mitius
779 3705 832 3768 vel
868 3705 1018 3767 atrocius
1049 3709 1223 3786 sumptum

105 3793 312 3875 supplicium
345 3797 406 3856 est.
454 3793 589 3856 Viderit
619 3793 741 3869 abbas,
774 3815 817 3855 an
842 3794 874 3855 vi
906 3793 1032 3855 doloris
1056 3792 1224 3875 impulsus

104 3881 248 3944 iniurias
279 3902 357 3943 snas
388 3881 543 3945 acerbius
574 3902 676 3962 quam
707 3882 824 3945 decuit
848 3882 1055 3944 vindicando
1084 3882 1223 3944 modum

104 3969 196 4032 forte
228 3970 422 4033 excesserit.
477 3970 518 4032 ld
550 3974 701 4043 constat,
734 3970 883 4032 inustam
915 3991 988 4032 csse
1023 3991 1063 4033 ea
1098 3973 1223 4052 tempe·

67 4061 196 4123 astate
220 4058 390 4121 maculam
408 4058 572 4121 Fuldensi
596 4058 813 4131 monasterio
839 4078 926 4140 quae
949 4058 1054 4139 longa
1076 4058 1224 4119 forsitan

104 4146 363 4210 succedentium
380 4152 573 4228 temporum
590 4147 676 4209 serie
693 4146 788 4209 ablui
804 4151 840 4210 et
856 4140 1003 4228 extergi¹
1024 4167 1093 4208 non
1106 4146 1223 4227 possit.

102 4299 195 4343 allecte
212 4298 270 4340 sib.
327 4301 349 4337 bl
364 4300 451 4348 publico
467 4301 537 4342 ΒΗ,
588 4300 608 4347 c)
623 4311 703 4339 nec—
719 4301 878 4339 misererentur
891 4312 931 4341 om.
948 4299 1008 4341 Blb.
1060 4299 1085 4339 dl
1099 4310 1226 4348 qumquam

104 4353 411 4402 Al3qutqueBl.lt'.;cs.
424 4355 549 4402 p.t.¹>‚n.l.
617 4353 771 4402 erqnaslb.
840 4355 857 4395 fl
872 4354 927 4392 Item
942 4353 1001 4394 sib.
1068 4353 1226 4401 gjlztoeorum

103 4406 161 4447 131¹.
204 4405 362 4454 utqussrb.
418 4405 653 4453 briudirnndosBz'.
707 4406 884 4454 lunaquessr.
939 4407 955 4455 1,
969 4405 1151 4455 exsagwrsm.
