2842 5026
238 456 333 512 VITA
352 456 470 512 LULLI
488 457 668 512 ARCHIEP.
686 457 797 514 AUOT.
815 456 1034 512 LAMPERTO.
1145 463 1198 514 317

67 659 154 704 meo
177 641 347 703 instinctu
372 638 504 703 Gallias
527 641 672 704 intravit
699 645 803 723 atque
832 641 868 703 in
892 641 968 704 loco
993 640 1048 704 cui
1073 661 1197 705 nornen

70 733 151 792 est⁸
190 721 460 792 Biscofesheimb
499 729 634 813 prelata
668 730 876 793 monasterio
911 730 1118 794 feminarum
1154 731 1199 792 ad

72 817 272 880 thalamum
296 816 426 880 Christi
456 839 599 900 magnos
629 823 707 902 post
738 839 773 882 se
801 818 937 881 thrahit
960 838 1081 901 greges
1104 817 1198 880 nobi·

72 905 163 969 lium
179 906 397 970 feminarum.
434 905 514 969 Non
539 907 644 970 etiam
667 911 703 970 te
726 907 828 989 fugit,
854 907 945 988 quod
970 908 1080 969 hano⁸
1101 926 1198 989 prop·

52 997 131 1059 ster
160 1016 296 1057 morum
325 995 399 1059 eius
433 996 679 1077 predicandam
714 996 902 1078 puritatem
934 996 1034 1079 unice
1065 1015 1199 1078 semper

75 1083 267 1160 dilexerim,
299 1088 437 1148 etcum
468 1083 669 1166 plerumque
700 1084 846 1147 aliarum
876 1083 1084 1147 feminarum
1107 1104 1197 1148 vere·

76 1172 191 1236 cunde
215 1171 343 1236 soleam
367 1172 485 1235 oculos
509 1172 692 1245 declinare,
724 1173 824 1236 huic⁰
854 1174 947 1255 apud
971 1193 1024 1237 me
1049 1172 1197 1254 primum

75 1260 327 1324 familiaritatis
365 1261 479 1324 locum
515 1263 750 1325 concesserim.
804 1259 1023 1344 Quapropter
1059 1264 1198 1343 gratum

76 1349 185 1412 mihia
211 1349 349 1424 feceris,
381 1369 459 1412 cum
483 1349 627 1413 decurso
650 1350 742 1414 vitae
773 1351 887 1432 spacio
918 1353 1041 1412 nature
1065 1369 1198 1412 conces·

47 1439 170 1510 roserit,
196 1438 225 1500 si
249 1459 324 1501 eam
346 1438 384 1501 in
407 1438 528 1502 eodem
551 1458 684 1501 mecum
709 1439 892 1520 sepulchro
916 1432 1126 1522 sepeliasffl,
1157 1441 1198 1499 ut

76 1526 278 1589 dulcissima
306 1527 398 1590 inter
433 1547 468 1590 se
503 1526 643 1589 nomina
673 1532 756 1591 nec⁰
792 1528 911 1590 mortis
942 1519 1097 1589 dividatr
1130 1526 1197 1589 rio·

74 1614 233 1679 lentiaff'.
280 1614 466 1696 Postquam
498 1615 605 1697 igitur
630 1616 768 1679 dicendi
797 1617 901 1679 finem
931 1615 1017 1678 fecit
1040 1618 1076 1679 et
1099 1614 1197 1678 miles

76 1707 262 1768 veteranus
302 1696 582 1785 multorumqueh
621 1705 870 1787 stipendiorum
910 1704 1032 1767 rudem
1067 1701 1197 1765 Christi

75 1796 236 1875 tyronem
263 1792 306 1855 de
334 1792 480 1875 singulis
510 1793 554 1855 ad
577 1786 746 1875 unguem¹
778 1792 951 1867 instruxit,
984 1792 1073 1854 sicut
1104 1791 1197 1854 insti·

23 1883 208 1954 natuerat,
233 1882 278 1944 ad
302 1880 454 1944 Resiam
478 1882 671 1958 contendit,
697 1882 882 1965 assumptis
906 1901 1021 1961 secum
1045 1900 1130 1961 quos
1153 1880 1197 1942 ad

76 1969 148 2032 tale
173 1969 241 2032 iter
262 1969 405 2033 idoneos
428 1969 672 2032 arbitrabatur.

10 2082 63 2123 ιο.
173 2054 222 2118 ’7.
260 2051 369 2120 Agna
393 2058 515 2121 beatus
539 2058 671 2133 Lullus,
700 2059 819 2121 videns
843 2061 935 2120 totas
959 2077 1072 2120 rerum
1096 2056 1197 2119 habe·

75 2167 138 2209 nas
170 2166 232 2208 suo
262 2146 328 2207 iuri
353 2146 505 2223 cessisse,
538 2167 753 2229 nequaquam
784 2167 877 2210 more
907 2146 1059 2208 humano
1083 2144 1198 2208 efferri

76 2235 171 2318 cepit
195 2255 255 2317 per
278 2234 509 2312 insolentiam,
539 2236 598 2299 sed
623 2239 787 2318 reputans
811 2255 936 2310 seeum,
962 2255 1065 2316 quam
1089 2233 1197 2296 arduo

10 2343 116 2386 noae
133 2322 272 2386 difficili
294 2323 438 2405 negocio
454 2345 594 2386 manum
617 2324 800 2398 iniecisset,
826 2327 901 2385 toto
922 2315 1046 2385 animi¹
1070 2325 1197 2384 conatu

76 2413 173 2495 operi
197 2410 430 2475 ecclesiastico
453 2432 489 2475 se
513 2412 701 2475 accinxitm.
742 2411 868 2476 Omnes
892 2413 985 2473 intra
1007 2431 1105 2473 suam
1129 2410 1197 2472 dio-

78 2501 183 2564 cesim
206 2500 290 2563 sitas
314 2500 497 2565 aecclesias
520 2521 560 2564 ac
577 2501 785 2565 monasteria
799 2501 964 2575 visitavit,
989 2499 1139 2582 qualiter
1161 2498 1198 2560 in

78 2589 224 2672 singulis
240 2587 324 2651 locis
341 2589 534 2651 divinarum
558 2610 673 2653 rerum
697 2590 851 2652 studium
866 2589 1009 2671 vigeret,
1034 2587 1196 2663 attendit,

78 2677 228 2759 nequid
259 2677 296 2739 in
323 2697 462 2759 gregem
487 2678 697 2741 dominicum
724 2678 855 2741 inimici
879 2677 1042 2741 sevientis
1065 2675 1199 2738 astucia
1207 2702 1326 2752 crasso,
1334 2704 1367 2746 ss.

10 2785 114 2829 taso
144 2766 253 2829 inscio
283 2770 505 2848 presumeret,
538 2766 748 2843 observavit;
780 2786 865 2849 quos
889 2765 1053 2847 equitatis
1082 2764 1197 2826 trami-

79 2857 149 2918 tem
172 2855 352 2917 invenerat
376 2855 558 2917 excessisse
582 2855 764 2918 revocavit.
805 2853 997 2918 Obstinatis
1020 2854 1057 2915 in
1072 2853 1198 2915 faciem
1208 2881 1236 2928 cs,
1245 2880 1294 2923 aa.
1304 2881 1365 2929 2,11.

76 2942 210 3007 restitit
239 2946 275 3006 et
304 2942 542 3026 impudentem
573 2944 797 3026 superborum
828 2943 1023 3025 principum
1046 2942 1197 3004 frontem

79 3031 272 3114 pontificali
295 3031 503 3094 auctoritate
526 3032 681 3114 refregit.
725 3030 818 3109 Quos
842 3053 922 3095 vero
946 3031 1057 3093 cultui
1081 3030 1196 3092 divino

80 3119 236 3183 deditos¹¹
264 3123 299 3183 et
323 3120 414 3182 circa
443 3120 645 3202 religionem
673 3121 846 3184 ferventes
870 3120 1090 3202 repperisset,
1122 3120 1197 3180 tota

30 3209 170 3271 aocirca
204 3207 267 3271 hos
301 3209 438 3290 paterni
473 3210 642 3272 affectus⁰
682 3209 813 3272 viscera
847 3207 1042 3291 explicabat
1052 3207 1073 3267 ³.
1131 3205 1197 3268 His

79 3301 220 3379 propter
249 3296 458 3378 pontificalis
483 3297 689 3361 cathedraep
716 3298 827 3360 fasces
851 3300 886 3360 et
910 3316 1035 3359 nomen
1058 3295 1198 3376 regibus

80 3385 183 3448 etiam
205 3385 439 3449 venerandum
462 3406 677 3467 nequaquam
701 3406 736 3449 se
759 3385 965 3468 preferebat,
991 3385 1051 3447 sed
1074 3384 1197 3445 horum

80 3492 112 3537 se
136 3493 273 3537 servum
303 3472 527 3556 gloriabatur,
559 3474 613 3536 his
637 3476 682 3537 ad
705 3474 903 3537 solvendam
928 3472 1108 3554 corrigiam
1133 3470 1290 3541 cal-cras.
1298 3494 1317 3541 1,
1325 3491 1359 3533 a.

79 3647 98 3690 e)
118 3656 160 3686 om.
176 3646 208 3686 2⁸.
275 3643 298 3695 b)
319 3645 490 3691 blacostesbslm
512 3646 586 3684 littera
604 3657 669 3684 erasa
691 3649 712 3696 15
735 3645 912 3694 biscopbeshelm
929 3644 967 3695 2b;
989 3644 1153 3692 bisopheshslm
1167 3644 1199 3686 2¹.

43 3699 97 3745 asc)
111 3698 155 3737 huc
169 3699 201 3739 2⁸.
251 3699 274 3746 d)
288 3698 382 3747 repelles
396 3697 428 3740 lb.
470 3698 674 3748 e)1'1(non)del.ct
687 3710 793 3748 eupnscr.
807 3710 848 3737 nce
863 3700 882 3746 1,
898 3703 917 3735 et
932 3699 962 3735 sta
978 3697 1102 3739 1⁸·b.2¹·b.
1144 3697 1162 3743 f]
1176 3697 1199 3734 in

78 3762 147 3799 mum.
161 3752 233 3800 suppl.
248 3753 266 3793 1.
307 3754 329 3799 g)
343 3752 454 3791 sententia
466 3753 506 3793 dcl.
521 3757 540 3789 et
554 3753 627 3789 eadem
642 3764 708 3790 manu
722 3752 946 3801 supermundanus
961 3754 979 3799 1,
995 3755 1014 3790 et
1028 3751 1060 3788 lea
1075 3749 1131 3792 1⁸·b,
1140 3749 1199 3792 ΞΜ,

79 3804 100 3852 h)
118 3815 162 3852 que
180 3815 287 3853 eumen
302 3807 320 3846 l.
388 3805 403 3851 ί)
422 3802 452 3843 ad
471 3816 501 3843 un
520 3816 600 3847 ecorr.
614 3807 637 3842 ln
651 3806 696 3844 loco
711 3817 770 3854 raso,
789 3816 840 3844 uem
856 3815 962 3854 cuperem.
978 3808 1002 3853 13
1024 3805 1051 3842 de
1065 3805 1121 3852 sing.
1135 3803 1164 3841 nd
1178 3814 1200 3845 u,

79 3867 118 3898 mn.
132 3859 165 3899 2¹.
220 3858 243 3903 k)
257 3859 280 3896 ln
294 3870 364 3906 mary.
378 3860 420 3905 esp
431 3860 450 3905 1,
465 3862 484 3896 α
498 3858 545 3896 ideo
558 3870 636 3896 amm
646 3862 710 3907 caput
725 3860 799 3907 incipit
810 3857 867 3908 1⁰¹¹),
884 3859 920 3895 ubl
929 3857 960 3897 m
973 3869 1021 3896 cum
1035 3869 1115 3905 magna
1129 3856 1200 3894 rubra

77 3911 151 3948 littera
165 3911 253 3952 tuition.
314 3910 330 3959 l)
343 3912 423 3949 annisu
437 3912 478 3952 del.
491 3915 510 3949 α
524 3923 629 3960 superior.
644 3913 712 3950 enimi
726 3915 746 3960 1,
766 3917 785 3950 a
799 3913 831 3951 ita
846 3910 971 3954 1⁸·b.2⁸·b.
1039 3913 1069 3957 m)
1084 3920 1198 3958 superma,

44 3964 150 4002 decadem
165 3974 214 4002 vocs
227 3965 299 4002 minus
307 3965 422 4012 perspicue
435 3966 517 4013 scripta
535 3966 558 4002 ἐκ
572 3966 630 4003 linea
644 3967 684 4008 del.
699 3968 718 4008 1.
786 3965 809 4015 n)
828 3964 863 4004 dlt
880 3976 962 4007 οσανν,
976 3966 994 4006 1.
1061 3967 1083 4010 ο)
1102 3961 1166 4001 aneu
1181 3965 1198 4004 1.

77 4021 98 4066 p)
112 4017 205 4069 aethere
218 4028 274 4059 corr.
288 4017 393 4070 cathedre
407 4020 431 4066 15
447 4017 556 4073 kathedrp
571 4017 628 4060 ινδ.

76 4143 103 4207 1)
116 4141 280 4204 Buodolfuq
300 4142 329 4195 V.
343 4141 371 4194 S.
384 4141 484 4193 sabae
496 4157 516 4195 o.
531 4144 572 4195 17.
599 4142 770 4204 Bonifatium
782 4142 830 4193 too
842 4141 922 4192 Lullo
941 4147 963 4191 el
983 4140 1119 4191 monachis
1131 4140 1198 4190 Ful·

74 4213 202 4264 dessilus
216 4214 382 4279 praecepisse
399 4212 500 4266 scriba
561 4215 589 4278 2)
606 4213 664 4263 Hoc
680 4219 733 4264 toto
744 4215 829 4280 capite
846 4227 991 4264 occurrens
1009 4213 1039 4262 in
1051 4226 1199 4261 communes

75 4283 145 4334 locos
170 4289 194 4333 et
215 4285 280 4348 pias
305 4283 459 4346 cantilenas,
484 4285 607 4334 imitatus
631 4284 708 4350 Sulp.
726 4285 782 4337 Ser.
809 4284 884 4335 Vitae
902 4282 986 4337 Mart.
1012 4299 1032 4336 c.
1054 4285 1095 4344 10,
1120 4281 1199 4332 nullo

39 4359 149 4405 amna
166 4369 260 4404 rerum
276 4356 424 4419 mendicae
441 4361 536 4406 auctor
552 4356 660 4407 nititur.
742 4357 770 4421 3)
793 4355 826 4406 Ut
842 4370 929 4421 supra
944 4371 972 4421 p.
985 4354 1048 4407 245.
1067 4353 1199 4415 Aneonis,

75 4425 116 4474 ita
134 4423 183 4475 hoe
201 4425 256 4476 loco
274 4424 354 4476 Lolli
369 4440 435 4491 erpa
448 4427 512 4491 pios
529 4425 671 4478 monachos
688 4425 847 4478 &coliem
864 4424 961 4493 Lamp.
981 4423 1082 4477 laudat.
