2842 5026
500 377 722 434 PRAEFATIO
740 378 769 434 0.
788 378 811 434 I.
1172 381 1217 436 XI

87 561 301 644 praedicavit.
340 562 428 642 Quae
443 560 495 626 tric
509 559 688 639 ambitione,
713 560 863 642 acraritia,
888 560 941 625 ira
956 568 1057 627 motus
1072 562 1216 644 nequior

90 650 140 716 rel
156 652 285 732 perfide
307 650 357 714 uel
379 649 547 715 crudeliter
569 649 606 713 irr
628 670 663 713 rc
680 649 811 731 publica
834 649 896 731 epit
911 657 967 715 aut
983 656 1073 715 cauto
1088 650 1215 716 silentio

91 739 169 804 tescit
192 745 250 803 aut
267 759 413 820 purpure
435 743 527 818 atque
549 759 700 802 ciamare
717 744 849 803 comatus
871 744 925 803 est.
961 738 1051 802 Mili
1073 739 1215 819 aquisierit

86 848 282 909 persuasum
312 827 411 892 liabeo
433 829 478 891 art
499 832 622 891 tautam
651 826 883 891 venerationem
911 826 1006 891 liuius
1032 826 1097 892 ciri
1120 829 1214 892 Lam-

69 922 216 998 spertum
246 937 313 980 uon
343 915 408 979 alio
437 916 528 980 morlo
557 914 675 980 adduci
697 914 852 996 potuisse,
884 936 979 996 quam
1009 936 1043 979 eo
1067 918 1151 997 arrad
1178 917 1215 981 iu

90 1005 160 1069 eius
196 1003 455 1083 familiaritatem
486 1003 682 1085 pervenerit,
721 1009 891 1083 autequam
927 1003 1012 1068 iuter
1045 1005 1214 1070 monachos

91 1093 340 1172 Hersfeldeuses
361 1092 553 1174 reciperetur
565 1092 586 1154 ¹.
626 1092 724 1157 Ammo
739 1098 844 1156 autem
866 1098 901 1156 ut
920 1092 1104 1158 Guutlmus
1120 1115 1213 1174 prac-

90 1181 196 1247 diatus
224 1182 263 1246 iu
292 1180 422 1247 molesia
452 1179 708 1262 Balomberpcusi
737 1180 885 1262 adoleuit,
916 1180 952 1245 iu
981 1182 1067 1246 scola
1088 1181 1214 1246 Balca-

91 1270 238 1352 lrerqemsi
252 1270 294 1335 ab
306 1268 457 1350 Eilberto‚
472 1275 585 1350 postea
600 1268 742 1350 episcopo
754 1268 932 1350 murteum,
951 1269 1074 1333 litteras
1089 1271 1214 1335 edoctus

56 1390 82 1428 ro
90 1365 136 1423 est
148 1362 170 1438 ²,
202 1358 249 1423 ibi
272 1364 385 1440 postea
413 1357 548 1422 maioris
570 1357 716 1423 accusiac
739 1356 960 1423 canonicatum
986 1360 1118 1439 adeptus
1147 1358 1214 1439 ipse

90 1448 212 1513 scolam
235 1447 353 1512 reait⁸.
392 1446 459 1511 His
475 1445 644 1529 perpensis
661 1446 767 1525 facere
790 1467 855 1510 mou
872 1467 1012 1527 possum,
1037 1446 1115 1527 quia
1131 1447 1213 1519 caui·

91 1536 176 1601 ciam
206 1536 415 1617 Lampcrtum
447 1535 552 1617 ipsum
585 1535 731 1599 ecclesiae
759 1534 1033 1615 Balmberpcusis
1066 1535 1213 1600 cler-icum

92 1624 209 1705 fuisse,
239 1624 277 1689 iu
303 1625 389 1688 scola
412 1623 682 1705 Balrauberpemi,
713 1644 793 1703 quae
820 1627 905 1688 tunc
927 1625 1092 1708 temporis
1116 1625 1212 1689 disci·

92 1714 226 1798 plinae,
257 1713 434 1796 religionis
458 1733 497 1777 ac
521 1713 629 1776 studii
651 1713 786 1777 fervore
810 1713 944 1776 cunctis
967 1713 1004 1776 in
1028 1711 1214 1777 Germania

52 1832 83 1871 rs
91 1802 335 1887 praepollebat
345 1803 367 1879 ⁴,
399 1801 464 1865 siae
493 1821 563 1866 cum
590 1800 728 1864 Auucue
755 1807 784 1865 et
811 1800 989 1880 Guutlrero,
1019 1799 1098 1881 siue,
1130 1803 1215 1881 quod

90 1890 198 1972 mapis
220 1890 356 1971 arridet,
388 1890 428 1953 ab
452 1889 590 1953 Auucue
619 1888 742 1953 litteras
764 1890 904 1953 edoctum
927 1910 1004 1969 esse,
1036 1910 1107 1953 cum
1135 1911 1213 1954 same

92 2000 160 2043 uon
183 1979 251 2044 uisi
279 1977 316 2042 iu
345 1978 431 2043 scola
453 1979 592 2058 quadam
614 1983 689 2042 tuuc
711 1977 940 2054 florentissima
967 1983 1032 2041 tam
1055 1977 1213 2059 eprepiam

90 2067 312 2144 miditiomem,
337 2088 400 2148 qim
423 2066 476 2131 ille
498 2066 635 2130 imbutus
657 2072 735 2146 erat,
760 2065 896 2147 adipisci
913 2065 1100 2146 potuisset⁵.
1147 2066 1212 2131 Aa·

92 2294 199 2361 reliqua
223 2294 274 2345 trac
292 2299 371 2360 parte
396 2293 507 2344 laudum
525 2294 650 2344 Ammonis
671 2294 718 2358 pir
735 2293 880 2359 descripta,
907 2292 954 2345 hoc
976 2309 1029 2345 uon
1051 2309 1141 2345 rmum
1160 2311 1213 2346 essa

56 2369 179 2422 rusciaco
201 2366 351 2416 immutavit
375 2366 432 2415 ita:
456 2362 570 2416 Ieiuniis
588 2379 645 2415 non
663 2361 731 2415 adeo
750 2379 832 2429 quam
850 2362 980 2430 legitimis
1000 2380 1029 2416 se
1046 2364 1211 2432 macerabat,

92 2436 183 2489 sciens
207 2435 354 2503 scriptum:
380 2432 489 2487 ‘Omnia
513 2432 616 2486 munda
638 2433 756 2486 mundis'
775 2440 818 2488 etc.
856 2435 919 2487 Post
939 2436 1080 2501 praediun
1104 2439 1212 2504 scripsit

92 2508 274 2573 Lampas-tus:
298 2505 482 2559 Per-noctabat
506 2505 669 2573 plerumque
691 2505 721 2557 in
747 2505 914 2557 orationibus
937 2509 963 2561 et
988 2522 1038 2574 per
1060 2507 1212 2572 aecclesias,

94 2595 150 2630 nno
169 2581 277 2630 tantum
296 2593 382 2645 puero
399 2579 543 2629 contentus
556 2576 665 2642 comita,
684 2575 764 2629 nudis
782 2574 897 2644 pedibus
909 2576 1087 2642 discurrebat,
1106 2585 1213 2630 mutua·

93 2657 139 2702 tus
155 2650 287 2716 arcuatam
305 2649 400 2700 harum
425 2648 562 2700 salamim
582 2664 595 2699 c
613 2648 690 2714 Sulp.
709 2649 764 2701 Ser.
790 2647 866 2700 Vitae
884 2648 1003 2699 Martini
1020 2664 1041 2703 a.
1059 2651 1102 2703 21.
1122 2649 1214 2712 (Mar-

56 2723 182 2784 sstiuus)
200 2719 376 2771 sacramentis
393 2718 556 2771 militaribus
574 2717 728 2785 implicatus
747 2721 796 2784 est,
815 2735 870 2771 uno
889 2721 996 2771 tantum
1016 2735 1094 2772 servo
1113 2720 1212 2773 comite

93 2794 248 2844 contentus.
286 2791 322 2841 At
347 2790 550 2856 lapiopraplrus
568 2789 776 2855 Sipeberpousis,
800 2792 861 2856 qui,
886 2792 957 2856 quod
974 2791 1034 2843 berre
1051 2798 1134 2855 uates,
1159 2807 1213 2843 mon

94 2862 251 2927 historiam,
277 2861 323 2914 secl
336 2863 531 2927 pompm-icum
548 2862 670 2928 scripsit,
697 2861 838 2913 calmacit
860 2867 947 2913 tamen
970 2863 1018 2914 lma
1040 2863 1213 2925 mendacium,

94 2936 256 2985 imminuens
281 2933 348 2984 illud
372 2933 420 2984 troc
444 2932 536 2984 modo:
561 2930 746 2984 Pernoctabat
768 2931 929 3000 plerumque
952 2932 981 2984 in
999 2932 1167 2986 orationibus
1185 2938 1214 2986 et

93 3020 145 3072 per
172 3003 316 3056 aecclesias
343 3003 470 3071 paucis
498 3019 536 3055 ac
564 3001 680 3055 certis
707 3002 919 3071 comitibus,
948 3003 1129 3056 interdum
1157 3020 1212 3056 uno

55 3079 203 3132 astantum
222 3091 307 3144 puero
321 3077 473 3141 contentus,
492 3073 646 3126 discurrens
665 3071 745 3125 nudis
758 3073 873 3141 pedibus
893 3073 1021 3129 ...flens
1039 3074 1212 3143 procedebat.

94 3149 121 3211 1)
143 3147 192 3200 Th.
211 3145 342 3211 Liuduer,
369 3146 458 3197 ‘Auno
477 3145 515 3199 ΙΙ.
542 3145 590 3197 dar
608 3145 723 3210 Heilipe'
745 3162 776 3211 p.
797 3147 840 3208 69,
865 3148 910 3197 cui
934 3148 1080 3198 assentitur
1097 3146 1213 3210 lusoriis

92 3218 109 3271 l.
131 3218 150 3270 t.
177 3235 205 3284 p.
224 3220 255 3279 8,
278 3219 387 3268 coniecit
404 3217 577 3283 lampertum
602 3233 628 3269 a.
649 3219 726 3271 1071.
751 3218 780 3267 iu
802 3219 961 3269 marasterio
977 3217 1160 3282 Sipclcrpmsi
1176 3218 1215 3269 cel

93 3289 258 3351 Salfeltausi
274 3288 370 3340 cidisse
381 3287 512 3353 (Lefarilr
524 3287 588 3338 dicit
601 3289 681 3338 ctiam
696 3288 787 3354 primo
804 3288 913 3352 melissa)
926 3291 1062 3340 Annorum
1074 3288 1215 3339 inonachus

93 3362 224 3423 formiam
242 3359 348 3425 ideoqiu
366 3360 530 3410 emeratiarre
545 3360 602 3410 mua
619 3358 750 3409 imbutum
764 3374 824 3412 rasa.
855 3359 908 3411 Sul
921 3359 991 3409 huuc
1008 3360 1038 3409 in
1052 3358 1109 3410 illis
1122 3374 1215 3410 mona-

55 3433 188 3484 assurin
211 3437 273 3481 tuuc
297 3431 408 3495 affuisse
432 3431 541 3480 minima
561 3435 662 3481 amstat
683 3446 729 3481 uec
747 3429 826 3492 facilc
843 3431 1001 3482 crulandum
1019 3436 1068 3493 cst,
1094 3445 1153 3480 cum
1171 3430 1215 3481 dc·

92 3517 169 3551 mum
194 3506 254 3568 post
280 3516 306 3554 a.
328 3503 404 3555 1072.
430 3503 461 3552 iu
485 3502 677 3552 urauastcrr'um
702 3500 884 3566 Siprlcrpmse
908 3517 935 3553 sc
959 3503 1084 3568 recepisse
1108 3501 1216 3552 dicatam

92 3572 191 3636 (iufra
212 3588 242 3638 p.
261 3573 336 3636 246).
372 3572 407 3623 Iu
425 3571 581 3635 Salteltensi
602 3573 762 3623 monastario
781 3572 856 3636 lampa
877 3588 895 3622 a
913 3573 1083 3624 diormicius
1100 3572 1215 3624 distante

92 3659 155 3765 tl
173 3642 1216 3781 ⁸ltlplltmlll⁸lfflulafflprrl·lwl”‘l‘⁶‘rii⁸fi>²lm⁸llll

789 3752 797 3778 l
901 3755 907 3767 ·
1003 3751 1011 3778 l
1091 3756 1097 3767 ⁰

54 3800 121 3853 cop.
143 3787 202 3840 139.
222 3783 299 3854 354),
318 3801 344 3837 a.
359 3788 437 3847 1075,
456 3784 534 3838 Febr.
553 3787 583 3850 2,
609 3785 670 3836 Vita
688 3785 813 3836 Auuouis
831 3784 874 3849 ΙΙ,
894 3786 943 3850 24,
967 3785 1016 3839 SS.
1035 3784 1092 3851 XI,
1108 3801 1138 3851 p.
1151 3786 1213 3850 496,

93 3856 142 3908 aad
159 3855 353 3923 archicpiscopi
370 3856 443 3907 brari
459 3861 574 3921 temporo
603 3856 642 3906 ibi
661 3857 763 3907 murati
779 3858 943 3908 amararum
960 3855 1136 3921 Lampmtum
1154 3861 1216 3907 tuuc

92 3932 203 3994 captum
221 3942 274 3979 essa
291 3943 363 3978 caua
386 3943 418 3978 aa
435 3928 527 3990 futilis
545 3928 680 3978 miteretur
697 3928 855 3979 coniectura.
946 3927 974 3992 2)
991 3926 1075 3990 Infra
1096 3944 1125 3992 p.
1145 3929 1198 3981 242
1205 3945 1216 3988 ,·

99 3999 164 4049 Vita
182 3999 307 4049 Ammonis
325 3998 353 4064 I,
375 4000 398 4052 1.
418 4002 443 4061 c,
471 3998 487 4050 l.
508 3999 525 4052 l.
549 4016 576 4065 p.
596 4000 699 4064 illisa.
718 3999 781 4052 487.
864 3999 892 4063 3)
916 3998 978 4048 Vita
996 3998 1121 4049 Auuauis
1139 3998 1168 4064 1,
1188 4001 1214 4063 2,

96 4069 116 4121 l.
135 4070 153 4122 l.
178 4087 207 4136 p.
224 4071 287 4124 468.
371 4072 399 4135 4)
419 4069 513 4120 Herilo
537 4071 671 4136 cpiscopms
695 4068 961 4121 Hildencslraimmsis
979 4068 1114 4119 Cumauam
1138 4085 1217 4136 nepo-

56 4145 147 4192 talem
172 4156 251 4191 suum
276 4140 361 4192 scolae
386 4139 598 4205 Baoenurpsua
621 4141 795 4191 ammaum
820 4140 953 4202 tramam
978 4139 1141 4204 Sudaulcrf,
1165 4140 1216 4192 Rc·

94 4213 213 4273 ¹ar'strum
231 4211 266 4261 ΙΙ
268 4249 275 4276 ,
295 4227 339 4264 ur.
353 4213 396 4275 24,
411 4227 440 4277 p.
454 4213 497 4266 29.
536 4212 577 4275 Cf.
597 4211 775 4274 Wattmbaclr,
796 4210 899 4273 ‘aaut
917 4210 957 4265 ul.
970 4213 996 4266 5.
1015 4211 1060 4274 ΙΙ,
1077 4229 1104 4278 p.
1117 4213 1167 4265 163
1177 4227 1215 4276 sq.

98 4285 125 4347 5)
143 4281 259 4345 Iafartlr
280 4282 297 4332 l.
311 4282 328 4335 l.
343 4299 372 4348 p.
386 4285 402 4337 6
414 4298 452 4349 sq.
471 4283 646 4349 lampertum
664 4284 694 4333 iu
712 4284 773 4349 ipsa
790 4282 860 4334 scola
877 4282 1061 4345 Hcrsfcldcasi
1077 4298 1095 4332 a
1112 4281 1216 4346 Mapiu-

97 4353 160 4404 iuro
172 4354 278 4404 litteras
291 4353 407 4404 edoctum
419 4369 472 4406 csse
483 4355 597 4408 auum.
628 4354 679 4406 Sed
697 4353 770 4404 nihil
786 4355 878 4405 miuus
895 4354 1017 4405 iudicant
1033 4353 1112 4405 amba
1130 4354 1217 4418 ipsius
