2842 5026
336 450 538 506 LAMPERTI
556 451 746 507 ANNALES.
783 454 819 507 A.
840 457 918 509 1077.
1139 458 1192 511 299

125 637 223 716 :ociis
249 636 476 711 inmaturum,
508 655 624 718 regem
655 636 721 699 sibi
748 635 926 700 facerent¹
955 640 989 700 et
1020 658 1098 700 cum
1127 641 1187 701 eo⁸²
1203 638 1279 690 1077ι

125 747 215 788 mum
246 724 394 807 proiecti
424 745 549 806 papam
580 724 687 786 aliurn
718 724 899 807 eligerent,
934 746 995 807 per
1024 747 1125 807 quem
1157 730 1192 789 et
1201 708 1286 755 ‘Ml'

125 835 142 877 e
175 814 332 897 protinus
360 813 548 895 imperator
576 818 842 887 consecraretur,
875 817 911 877 et
939 815 1055 877 omnia
1083 835 1192 897 papae

125 903 175 965 ius
199 902 382 985 apostatici
406 904 505 984 gesta
528 895 779 965 cassarenturl’.

179 991 318 1055 Perlato
342 991 386 1053 ad
406 1011 521 1072 regem
545 993 617 1053 tam
642 990 807 1055 molestae
824 991 1087 1074 conspirationis
1109 1014 1192 1054 nun·

127 1131 134 1155 ,
161 1080 254 1141 misit
279 1100 422 1162 propere
441 1079 605 1160 quicquid
629 1080 721 1162 apud
746 1099 781 1142 se
805 1080 999 1162 principum
1019 1085 1127 1157 erat0,
1154 1085 1193 1144 ut

125 1190 218 1250 aqua·
235 1169 379 1244 ratione,
404 1188 541 1249 quaqua
563 1172 703 1250 possent
726 1168 898 1230 industria
921 1168 1084 1233 efferatae
1109 1169 1192 1231 mul-

125 1257 234 1319 rdinis
258 1257 390 1321 animos
414 1257 632 1337 mitigarent,
665 1277 708 1319 ne
739 1256 882 1321 moleste
911 1257 1106 1339 acciperent
1132 1262 1193 1320 aut

132 1345 378 1409 contumeliam
402 1366 498 1407 suam
522 1345 655 1408 factum
679 1349 895 1428 reputarent,
925 1347 1017 1428 quod
1041 1351 1194 1410 extrema

125 1435 278 1498 cessitate
303 1433 499 1517 compulsus
523 1434 713 1497 communis
737 1435 907 1497 commodi
935 1436 1068 1498 ratione
1096 1435 1193 1499 fecis-

134 1545 141 1601 ;
178 1543 241 1586 nec
272 1517 490 1586 Teutonicis‘l
525 1522 752 1605 principibus,
789 1524 848 1605 qui
879 1523 945 1586 sibi
978 1545 1038 1606 per
1069 1523 1193 1586 calum-

125 1634 166 1675 ,m
197 1633 341 1693 regnum
372 1612 503 1694 eripere
528 1612 646 1675 dedita
676 1632 780 1695 opera
807 1612 1098 1688 machinarentur,
1130 1633 1193 1676 nec

126 1722 229 1763 mano
259 1700 428 1782 pontifici,
464 1701 522 1782 qui
559 1701 602 1763 ad
634 1701 858 1765 evertendum
888 1704 1019 1764 statum
1053 1704 1193 1764 sanctae

125 1789 260 1853 eclesiae
299 1789 473 1872 spirituali
510 1788 627 1871 gladio
662 1789 927 1872 circumquaque
963 1789 1192 1872 fulguraret⁰,

125 1882 176 1942 ter
206 1879 365 1941 satisfieri
395 1872 582 1961 potuissef,
615 1899 717 1960 quam
740 1882 781 1940 ut
805 1882 885 1942 ante
910 1882 1078 1940 statutam
1102 1878 1193 1942 diem

125 1968 427 2031 communicatione
462 1967 714 2042 absolveretur;
751 1989 842 2031 nunc
878 1988 913 2031 se
944 1967 1103 2031 omnibus
1138 1988 1194 2030 an·

125 2057 207 2132 stiia
233 2056 356 2138 quibus
376 2056 447 2118 vias
473 2056 546 2119 cius
570 2056 818 2120 conclusissent
841 2057 982 2134 inimici,
1007 2057 1193 2119 liberatum

125 2166 210 2208 ,nem
241 2145 402 2227 deinceps
434 2166 550 2207 curam
584 2145 859 2227 industriamque
895 2146 939 2207 ad
968 2145 1194 2208 vindicandas

125 2255 153 2297 ss
175 2240 210 2298 et
228 2233 367 2296 illorum
391 2233 534 2296 iniurias
550 2235 800 2296 translaturum
811 2236 832 2296 ².
865 2233 932 2296 Vix
948 2234 1089 2297 tandem
1107 2254 1194 2296 com-

125 2343 190 2386 esso
208 2323 325 2405 pocius
341 2344 443 2404 quam
468 2323 621 2386 extincto
638 2323 803 2386 concitati
827 2323 999 2385 tumultus
1023 2323 1193 2399 incendic,

125 2413 229 2494 nique
254 2411 531 2494 exprincipibus
556 2411 699 2474 castriso
726 2433 761 2475 sc
790 2432 851 2495 per
878 2412 964 2474 iram
992 2412 1194 2475 subtrahen-

125 2546 141 2575 ,
170 2501 291 2563 iniussi
318 2501 355 2562 in
380 2521 442 2563 sua
464 2496 606 2564 rediere.
654 2499 790 2564 Caeteri
815 2500 1032 2564 dissimulata
1054 2500 1194 2563 interim

126 2590 254 2653 cundia
292 2590 494 2652 redeunt-em
532 2609 648 2671 regem
688 2590 829 2672 pacifice
868 2593 1091 2672 exceperunt,
1135 2588 1194 2653 sed

125 2685 206 2760 quea
243 2681 442 2741 consuetam
478 2678 510 2741 ei
543 2671 792 2741 reverentiam¹¹
830 2679 1046 2753 deferebant,
1084 2697 1195 2760 neque

125 2790 146 2830 n
171 2770 384 2850 sumptuosa.
415 2770 454 2828 ut
478 2767 587 2850 prius,
616 2770 723 2849 utque
747 2767 877 2849 regiam
902 2767 1195 2849 magnificentiam

125 2859 252 2930 ruerat,
284 2856 428 2919 servicia
451 2856 483 2919 ci
506 2856 730 2930 exhibebant,
761 2857 820 2919 sed
844 2856 971 2919 aversis
995 2856 1117 2925 oculis,
1147 2855 1195 2916 in-

125 2946 175 3008 tis
206 2945 379 3008 mentibus
410 2944 536 3028 passim
567 2965 628 3027 per
656 2965 773 3008 omnes
804 2944 949 3027 angulos
981 2945 1024 3008 de
1052 2945 1195 3008 levitate

133 3034 267 3117 ineptia
290 3034 362 3098 eius
387 3026 633 3096 mussitabanti
665 3034 923 3115 socordiamque
950 3025 1193 3106 accusabantk,

125 3123 167 3186 od
198 3128 270 3185 tam
298 3123 359 3185 diu
389 3125 604 3204 expectatus,
634 3125 706 3184 tam
737 3123 837 3185 anxie
866 3122 1080 3185 desideratus
1111 3120 1196 3203 peri·

125 3213 231 3274 tantis
255 3211 380 3275 Italiae
404 3211 662 3275 calamitatibus
685 3210 773 3272 nihil
798 3213 970 3292 postremo
994 3210 1080 3293 spei,
1106 3209 1195 3271 nihil

125 3301 219 3364 ssidii
248 3300 433 3363 attulisset.
481 3300 636 3381 Cumque
660 3299 800 3362 Italiam
831 3302 1044 3382 peragraret,
1077 3298 1195 3359 uthis

125 3390 135 3451 i
174 3390 326 3472 oppressi
365 3389 505 3452 fuerant
545 3389 794 3452 calumniamve
837 3388 1062 3470 paciebantur
1100 3386 1195 3468 regio

125 3500 170 3541 »re
203 3479 295 3540 iusta
326 3478 471 3546 faceret.
505 3498 569 3540 nec
601 3478 638 3539 in
669 3477 826 3540 civitates
859 3497 938 3539 eum
970 3475 1194 3557 recipiebant,

125 3588 239 3630 ccum
263 3567 388 3629 faculis
412 3570 447 3630 et
470 3566 594 3628 faustis
619 3564 935 3641 acclamationibus,
960 3568 1000 3627 ut
1024 3564 1196 3648 prioribus

125 3656 216 3737 gibus
240 3658 501 3729 consueverant,
534 3654 669 3718 obviam
694 3655 725 3718 ei
748 3654 996 3738 procedebant,
1029 3654 1088 3717 sed
1112 3653 1196 3716 foris

137 3745 343 3807 suburbanis
367 3745 450 3806 locis
468 3743 588 3807 castris
613 3743 733 3826 positis
750 3744 953 3807 commorari
976 3735 1195 3818 iubebatur¹‚

125 3956 154 3985 m.
171 3941 229 3984 Blb.
289 3944 312 3990 b)
327 3948 466 3981 cassarentur
480 3943 525 3985 ΒΞ,
587 3942 608 3987 ο)
622 3947 670 3982 crat
680 3948 803 3992 portem.
818 3944 927 3985 eratBi.
988 3940 1012 3989 d)
1026 3942 1138 3983 Thsuton.
1152 3941 1198 3982 132.

125 3996 284 4046 argaretmb.
338 3997 356 4043 ι’)
370 3997 487 4045 potuisset,
504 3996 688 4044 rpoream.
735 3998 863 4046 memnii
878 3998 935 4038 131⁸.
977 3997 1001 4043 h)
1015 4007 1059 4034 non
1073 3992 1198 4036 cdd.Bll³.

125 4052 182 4090 insit.
196 4051 243 4088 aa.
298 4049 323 4096 k)
337 4051 467 4088 ructuabant
481 4048 540 4092 arb.
594 4050 610 4097 l)
624 4049 745 4090 videbatur
758 4050 817 4093 ΒΗ).

125 4220 203 4270 Nono
217 4224 327 4284 praela
339 4218 513 4285 Lanrpmum
532 4220 595 4270 boec
607 4219 705 4283 taulis,
724 4225 746 4270 et
766 4220 827 4270 hiric
845 4221 874 4269 in
893 4220 945 4269 tao·
961 4233 991 4269 re
1008 4218 1087 4268 nulla
1105 4217 1198 4267 danda

132 4290 204 4355 fides.
276 4292 304 4351 2)
323 4289 418 4355 Lamp.
439 4291 507 4341 virale
524 4306 629 4355 oscarus
647 4307 739 4340 rerum
759 4294 788 4341 in
801 4291 885 4341 Italia
901 4295 1046 4355 pertarum,
1069 4290 1199 4354 iynoranc

125 4378 165 4424 zm,
185 4361 231 4411 ubi
248 4378 297 4412 rex
315 4366 435 4412 armatus
452 4363 496 4427 sit,
515 4377 565 4411 cuo
584 4377 655 4413 neore
672 4377 701 4413 eo
717 4362 801 4429 plura
820 4361 898 4413 verbo
916 4362 1021 4425 effudit,
1039 4377 1091 4427 quo
1109 4361 1200 4410 rotinus

126 4432 203 4484 rebus
220 4435 300 4497 pata
317 4437 476 4498 conspertum
494 4432 613 4485 babebat.
