2842 5026
517 458 739 545 4441441140
759 458 835 516 ov.
1138 462 1236 517 xm

107 642 278 723 ereeripeit
300 648 330 706 et
357 642 541 707 Oberrreruo
563 642 685 724 eprepr'e
707 663 836 707 numere
858 664 915 708 eno
937 643 1042 721 fiendi
1068 650 1150 724 secret,
1182 644 1235 709 itte

108 734 227 795 borreum
258 730 376 796 codicis
404 732 564 812 exemplar
593 730 734 812 surpuit,
765 731 816 796 bic
846 731 942 811 cauit,
971 753 1010 795 ne
1040 732 1234 797 corciecturas

108 842 188 884 ueras
212 818 311 883 teatui
334 819 470 898 inferret
480 819 501 899 1,
525 819 621 882 etiam
643 819 725 884 locos
748 827 910 901 corruptos
924 819 1059 885 intactos
1073 820 1201 902 reliquit
1211 823 1232 884 ².

109 910 156 973 Iu
192 908 386 987 crreioereum,
421 928 520 989 neone
554 914 659 972 tamen
692 906 815 988 rimante,
854 908 979 989 quidem
1016 911 1111 974 cerba
1148 931 1234 974 neore

85 1018 192 1062 esoce.
209 997 245 1060 X
254 997 307 1060 VI
315 997 360 1060 in.
377 1003 521 1062 ammento
536 995 655 1078 surpta
677 998 781 1077 eunt³,
800 997 970 1078 permultis
993 997 1069 1062 tocie
1091 1018 1125 1061 eo
1143 1000 1234 1062 modo

102 1086 222 1167 procui
243 1084 339 1150 dubio
361 1105 519 1167 expressa,
547 1105 608 1166 quo
631 1086 726 1150 eaden
748 1085 899 1166 antiquus
921 1107 959 1149 ea
975 1085 1133 1168 praebuit,
1164 1108 1234 1151 cnm

108 1175 189 1238 aliie
218 1174 296 1238 tocie
325 1176 432 1238 eadem
461 1173 498 1238 in
527 1194 644 1237 morem
671 1173 761 1238 itlius
794 1173 864 1238 aeui
899 1179 1022 1238 mutata
1056 1175 1232 1256 tepantnr⁴.

110 1264 228 1344 Itaque
257 1261 373 1328 codicis
399 1261 489 1327 illiue
510 1261 632 1343 -qui
662 1261 787 1344 peridem
816 1264 899 1343 quod
920 1261 1056 1343 perierit
1064 1264 1084 1343 ⁵,
1115 1284 1234 1328 ecrrnme

109 1353 280 1416 dolendum
302 1350 449 1415 -satis
472 1352 586 1416 bonum
608 1351 769 1432 exemptor
790 1350 884 1415 editio
911 1351 988 1416 baec
1016 1351 1150 1414 macinii
1180 1353 1233 1416 ba·

73 1442 214 1504 robeuda
237 1446 292 1520 eet,
316 1439 429 1521 qrrtppe
447 1460 528 1520 acute
542 1439 650 1503 multis
666 1438 742 1503 locis
756 1441 825 1504 sota
840 1461 947 1504 aeram
963 1440 1123 1504 lectionem
1140 1463 1232 1522 prae-

110 1531 190 1608 beat,
217 1529 270 1594 ubi
285 1529 367 1592 atter
382 1529 477 1593 codea
491 1527 651 1609 antiqu-ue,
675 1549 714 1592 en
729 1548 789 1609 quo
805 1527 880 1592 libri
895 1528 1105 1610 manuscripti
1128 1551 1233 1593 omnes

109 1617 249 1681 derivati
270 1623 354 1698 eunt,
378 1615 524 1680 ait-iatam
539 1616 657 1697 babuit,
681 1616 861 1681 innumeris
876 1616 961 1697 tocie,
985 1617 1098 1697 quibus
1113 1618 1233 1683 codices

109 1706 271 1770 ‹tieersam
305 1704 466 1770 tectionem
497 1707 665 1787 praebent,
702 1708 821 1784 doceat,
856 1711 931 1769 utra
964 1705 1147 1787 recipienda
1180 1705 1232 1771 sit.

109 1794 277 1858 Editionie
294 1793 456 1876 principis
477 1794 696 1875 apoprapbnm
718 1793 853 1859 continet

73 1909 99 1947 xe
217 1884 316 1965 Ala)
340 1884 436 1948 coece
458 1881 534 1946 otim
556 1881 680 1948 archivi
696 1881 787 1964 repii,
811 1904 896 1946 nunc
912 1881 1112 1948 bibliothecae
1126 1882 1233 1964 repiae

109 1971 365 2035 Dreedenoie
391 1992 407 2034 e
431 1977 483 2049 31,
512 1971 612 2036 cbart.
637 1972 686 2051 4⁰,
710 1991 791 2035 saec.
811 1970 907 2034 XVI
915 1971 1149 2051 eoa-XVII,
1169 1977 1231 2034 120

108 2060 292 2139 fotiarum⁸.
346 2060 437 2141 Quod
464 2065 499 2124 ut
527 2061 727 2140 ostenderem,
758 2081 849 2141 saepe
872 2060 1023 2123 adnotari
1046 2060 1129 2125 bunc
1152 2059 1232 2125 codi-

109 2170 174 2213 cem
197 2151 307 2214 euntem
329 2150 445 2213 urenda
467 2149 580 2213 trabere
598 2154 691 2229 atqcue
706 2149 774 2228 Al,
798 2150 854 2212 sed
875 2148 943 2212 eius
965 2169 1048 2212 noea
1070 2148 1158 2229 uitia,
1183 2169 1232 2214 en-

108 2237 207 2319 eeptie
223 2237 396 2320 perpaucis
418 2236 503 2317 iocis,
528 2236 629 2318 mutet,
654 2258 723 2302 cnm
746 2258 784 2301 ea
806 2237 928 2301 mdtiue
942 2236 1090 2302 marnenti-
1111 2237 1186 2302 sint.

69 2352 98 2391 eo
224 2326 265 2392 G.
288 2326 335 2390 H.
359 2326 455 2390 Pertu
484 2325 512 2388 b.
535 2346 577 2389 m.
601 2325 725 2407 quidm
754 2324 816 2389 cibi
836 2326 1061 2407 perenaemat⁷
1087 2333 1233 2408 excerpta

107 2417 267 2496 quaedam
291 2414 398 2479 breuia
420 2435 459 2478 ea
481 2414 647 2495 Lamperti
668 2413 862 2494 Annalibus,
886 2413 1005 2496 surpta
1028 2436 1049 2478 a
1073 2415 1231 2496 Stmrbano

110 2504 286 2585 Leopotder
312 2503 465 2568 monacho
495 2502 788 2582 Wecsobrunuensi,
817 2523 897 2582 quae
919 2524 950 2565 a.
971 2508 1065 2566 1871.
1097 2503 1232 2568 Monaci

107 2592 139 2656 ei
163 2593 271 2656 obtata
292 2598 393 2672 erant,
421 2591 486 2656 eine
508 2612 547 2655 ca
570 2590 672 2656 codice
701 2589 963 2672 Wittenberpensi
985 2590 1050 2656 eice
1073 2613 1111 2655 ex
1134 2593 1233 2656 attero

108 2680 217 2746 codice
245 2680 296 2745 itti
324 2679 487 2744 eimittimo
509 2679 667 2761 encompta
696 2701 774 2758 esee,
804 2681 861 2744 sed
890 2678 945 2743 ‘N.
969 2679 1100 2745 Arcbiu'
1126 2680 1231 2760 XIX,

68 2797 98 2836 ne
101 2791 140 2850 p.
158 2775 221 2832 144
233 2789 300 2851 equ.
316 2767 438 2833 ostendi
460 2790 498 2833 ea
515 2768 623 2850 potius
645 2790 684 2832 eu
706 2767 841 2833 editione
858 2766 1006 2849 principe
1028 2775 1153 2849 coempta
1168 2790 1233 2833 csse

107 2859 242 2939 ideaque
264 2857 351 2922 muni
367 2856 471 2938 pretio
494 2877 612 2922 carere.
655 2858 746 2923 Unde
761 2857 887 2921 variam
902 2856 1062 2921 tectionem
1079 2857 1233 2939 Stephani

108 3018 138 3079 1)
159 3014 236 3078 aaut
253 3030 312 3065 444444
327 3016 472 3081 perpaucae
490 3015 553 3066 locu
570 3015 673 3076 foetum
691 3030 744 3065 ecee
761 3016 876 3065 conicere
890 3028 989 3078 posces,
1011 3019 1041 3064 ut
1059 3029 1088 3080 p.
1103 3016 1146 3079 69,
1166 3014 1183 3067 l.
1198 3016 1231 3069 19

107 3089 150 3143 (n.
164 3101 192 3135 444
199 3102 210 3146 ,·
227 3086 263 3149 ef.
282 3085 325 3140 ίΝ.
335 3085 446 3137 Arebio'
462 3085 544 3151 XIX,
561 3102 592 3150 p.
607 3087 666 3150 163,
684 3102 711 3139 44,
725 3088 764 3150 2).
783 3087 827 3150 80,
847 3101 872 3137 n.
886 3083 904 3138 l.
925 3087 984 3146 100,
1003 3101 1029 3140 u.
1043 3102 1069 3151 q.
1091 3088 1149 3148 132,
1169 3102 1197 3139 n.
1208 3102 1231 3139 e.

109 3157 173 3220 182,
189 3173 215 3210 n.
226 3155 252 3209 d.
272 3158 333 3222 192,
346 3154 403 3210 ut.
422 3158 484 3220 226,
498 3172 525 3209 n.
535 3173 561 3222 p.
581 3159 643 3222 237,
656 3172 683 3210 n.
694 3173 712 3224 g
724 3159 788 3222 (ouo
802 3157 856 3207 laco
866 3155 976 3205 dubium
988 3161 1033 3220 eet,
1047 3172 1112 3207 num
1126 3157 1231 3206 uerbum

69 3227 183 3292 eoquod
200 3227 277 3278 babet
294 3228 341 3281 Al
362 3229 391 3278 in
408 3232 510 3278 94444444
527 3228 706 3294 recipiendum
725 3229 780 3290 eit).
800 3229 861 3289 278,
880 3244 905 3279 n.
919 3242 947 3280 n.
964 3228 1026 3289 280,
1045 3243 1071 3279 n.
1085 3225 1112 3291 h,
1130 3227 1233 3278 duobeic

108 3303 216 3349 tantum
229 3299 291 3349 loeta
301 3304 371 3350 certo
382 3303 492 3362 cunctat,
512 3297 628 3348 euutnu
638 3316 666 3365 p.
679 3301 724 3359 87,
737 3298 781 3351 t.8
800 3299 848 3361 (ef.
860 3315 888 3364 p.
898 3298 965 3360 358)
977 3303 1000 3348 et
1011 3315 1038 3364 p.
1050 3300 1110 3361 125,
1125 3313 1152 3350 n,
1162 3314 1189 3362 11,
1208 3303 1232 3348 tt

104 3367 366 3505 nitidat
367 3368 671 3507 21011019
677 3369 874 3506 ittttd
874 3374 983 3505 ‘itt
1000 3456 1026 3492 t.
1040 3367 1147 3505 dbis}
1164 3384 1231 3493 {¹3¹3ss

110 3512 138 3575 3)
150 3510 284 3576 Exempla
297 3511 376 3574 infru
387 3510 476 3564 attuli.
520 3512 548 3577 4)
559 3512 676 3562 Nomina
688 3511 774 3562 mutto
788 3513 890 3575 intepra
905 3511 1095 3575 immutatoque
1106 3527 1140 3561 erc
1148 3511 1232 3562 oodi'oe

71 3596 99 3635 ³5
110 3587 213 3648 receptu
225 3587 298 3632 eunt.
317 3583 354 3632 m
365 3581 547 3647 nepotumque
559 3582 655 3633 coditio
667 3598 710 3646 uo,
723 3579 776 3646 0,0
789 3582 883 3646 urbique
895 3582 951 3644 tero
964 3583 993 3631 in
1006 3597 1023 3631 u
1036 3582 1076 3632 oet
1087 3597 1104 3632 o
1118 3587 1229 3647 mutata,

109 3652 207 3702 eitlaba
220 3649 298 3703 Liui-
317 3659 346 3702 ut
364 3653 399 3702 ab
416 3653 538 3704 omnibus
555 3652 612 3715 fere
630 3653 776 3703 recentibus
793 3653 888 3704 scribto
907 3654 935 3702 in
948 3650 1025 3702 Luit·
1038 3660 1165 3720 corrupta
1185 3660 1230 3708 eet.

111 3724 225 3790 Saepius
242 3739 324 3789 quam
343 3725 372 3773 in
390 3723 501 3775 editione
515 3725 640 3789 principe
657 3726 685 3774 in
701 3739 880 3789 peremturum
899 3724 1052 3775 nominibus
1064 3722 1175 3776 -berdus
1188 3727 1231 3788 (ut

108 3792 291 3858 Heriberdue,
316 3791 503 3862 Eggeberduu,
526 3793 708 3862 Engilberdus
727 3801 780 3855 ete,
798 3795 868 3860 quod
886 3795 992 3859 quidem
1009 3800 1032 3845 et
1051 3795 1089 3846 cd.
1105 3798 1231 3862 princepe

108 3880 303 3931 nonnunquam
324 3865 447 3931 praebet)
471 3867 501 3916 in
526 3866 609 3916 codice
632 3868 762 3931 scriptum
788 3867 871 3928 fuieec
896 3865 1007 3929 ridetur,
1034 3866 1104 3931 quod
1129 3866 1167 3916 ibi
1189 3869 1231 3917 in·

72 3952 101 3989 no
104 3938 209 4002 prinde
233 3936 319 3999 fuisse
340 3943 415 4003 puto,
441 3937 489 3987 ubi
512 3937 591 3988 editio
616 3943 707 3989 cantra
725 3939 866 4002 antiquum
884 3951 983 3987 marem
1001 3936 1078 3987 babet
1097 3935 1229 3989 -berthus¹

114 4008 147 4057 c't
166 4023 200 4057 aa
217 4008 330 4058 alitione
343 4010 467 4073 principe
485 4013 508 4057 et
526 4009 657 4059 codicibus
673 4013 795 4075 apparet,
813 4007 908 4073 Lunrp.
928 4007 1004 4057 mado
1023 4006 1136 4072 -bertus,
1156 4008 1230 4058 niodo

110 4076 223 4128 -berdus
242 4080 359 4143 nnpeu,
378 4083 455 4144 utque
475 4085 600 4144 utraeque
617 4080 667 4129 bac
685 4081 822 4129 nominum
841 4078 945 4140 functae
964 4080 992 4127 in
1011 4081 1094 4128 curtii
1111 4078 1230 4141 Herssel·

108 4149 234 4199 dencibue
253 4155 276 4199 et
293 4149 472 4200 diuidentibus
490 4151 547 4201 44144
564 4152 690 4216 tenporie
708 4150 839 4214 tepuntur.
945 4152 971 4213 5)
993 4150 1124 4213 Georpieu
1143 4149 1230 4199 Waitz

109 4221 132 4272 b.
154 4237 188 4273 444.
208 4222 357 4270 monimum
374 4236 477 4283 euram,
498 4226 527 4270 ut
546 4237 604 4271 etim
622 4223 759 4286 reperiret,
782 4221 891 4283 fertura
910 4220 1047 4279 aduttum
1074 4221 1108 4282 cf.
1129 4220 1177 4272 SS.
1198 4219 1228 4283 V,

70 4306 99 4343 m
104 4310 135 4356 p.
148 4292 209 4355 149,
223 4307 250 4344 n.
261 4292 303 4344 07.
332 4291 403 4341 Eum
420 4292 531 4357 periieee
548 4294 604 4341 iam
623 4308 693 4342 necno
710 4297 779 4342 certo
796 4296 905 4344 coneted.
961 4294 987 4357 6)
1008 4291 1050 4353 Cf.
1066 4290 1230 4344 ‘N.Arcbto’

108 4361 193 4422 XIX,
209 4379 238 4428 p.
253 4363 353 4427 149u1.
426 4363 452 4426 7)
472 4362 610 4415 Lanrberti
627 4363 777 4413 Annalium
796 4363 874 4414 alitio
893 4362 988 4425 alteru,
1006 4378 1074 4428 quac
1093 4364 1162 4412 inter
1180 4360 1229 4412 SS.

110 4432 144 4486 R.
159 4432 192 4484 G.
211 4448 237 4485 a.
253 4434 329 4486 1874.
346 4432 458 4499 prodiit,
473 4449 503 4499 p.
518 4441 604 4481 xxm.

971 4535 1016 4589 IV
