2842 5026
390 468 591 522 LAMPERTI
609 468 798 524 ANNALES.
835 470 870 523 A.
892 474 969 527 1077.
1192 475 1246 529 291

125 653 258 716 tatuto
283 653 371 716 die
362 675 398 715 m
415 653 619 734 Augustam,
644 674 712 736 quo
729 653 856 716 caeteri
873 653 1045 736 principes
1062 655 1244 719 convenire
1257 655 1333 708 1077

125 743 336 816 statuissent,
355 741 524 804 fiducialit
510 745 564 805 ter
580 746 791 818 occurreret;
817 762 852 805 se
869 742 951 819 illic,
978 744 1139 806 discussis
1155 724 1308 806 utra-¹⁰²⁸

125 849 268 913 'umque
291 831 442 932 partium
466 830 595 912 allegat
582 831 743 906 tionibus
775 851 838 894 nec
863 831 942 893 odio
966 851 1029 895 nec
1060 833 1173 914 gratia
1201 833 1244 896 ab

125 937 196 981 ure
228 919 311 981 ad
302 919 464 980 iniuriam
488 919 748 994 devolvendum,
780 919 861 982 sed²
888 919 986 982 iuxta
1017 920 1110 1002 leges
1141 922 1244 985 eccle·

125 1006 279 1070 siasticas
298 1028 401 1089 quam
425 1007 651 1070 rectissimam
676 1008 784 1089 possit
808 1008 850 1070 de
874 1008 1019 1091 singulis
1036 1009 1244 1073 sententiam

125 1095 276 1158 laturum
307 1117 390 1159 esse.
436 1096 491 1158 Ad
521 1095 606 1158 haec
639 1096 691 1157 illi
721 1097 973 1178 responderunt
1003 1118 1119 1180 regem
1150 1098 1244 1161 illius

125 1204 290 1266 nusquam
323 1188 493 1247 terrarum
529 1184 770 1266 subterfugere
805 1185 986 1262 iudicium,
1023 1207 1124 1267 quem
1157 1186 1244 1249 sciat

125 1273 288 1354 equitatis
319 1277 354 1336 et
388 1273 608 1336 innocentiae
642 1273 976 1355 incorruptissimum
1006 1275 1178 1337 vindicem
1208 1278 1244 1339 et

125 1361 329 1424 advocatum
353 1361 441 1436 fore,
472 1362 532 1424 sed
556 1383 575 1424 e
598 1362 711 1425 vicino
735 1362 804 1425 iam
827 1383 950 1445 urgere
975 1363 1066 1426 diem
1090 1364 1243 1426 anniver-

125 1451 260 1523 sarium
292 1471 360 1532 quo
384 1450 699 1513 excommunicatus
723 1451 860 1526 fuisset,
891 1454 926 1514 et
950 1451 1122 1574 principes
1146 1452 1244 1534 regni

125 1537 186 1601 hac
211 1539 452 1622 expectatione
476 1558 657 1688 suspensos
681 1542 901 1621 attentosque
925 1533 1045 1622 anxie
1073 1539 1123 1603 rei
1148 1561 1244 1603 even·

125 1629 197 1689 tum
228 1627 424 1710 prestolari
457 1631 510 1701 ut,
543 1627 572 1690 si
602 1631 684 1691 ante
715 1628 824 1691 hanc⁰
853 1629 944 1691 diem
975 1628 1244 1692 excommunica-

125 1714 217 1779 tione
242 1738 310 1778 non
335 1679 543 1792 absolvatur,
576 1716 738 1799 deinceps
760 1717 859 1778 iuxta
882 1717 1055 1799 palatinas
1079 1717 1205 1796 leges
1196 1738 1243 1778 rn-

125 1803 249 1885 dignus
279 1805 373 1887 regio
397 1805 527 1868 honore
558 1805 729 1868 habeatur
758 1825 821 1868 nec
852 1805 946 1867 ultra
975 1826 1037 1888 pro
1061 1805 1245 1868 asserenda

125 1893 322 1956 innocentia
345 1914 407 1955 sua
430 1893 644 1957 audientiam
674 1892 885 1969 mereatur¹;
917 1895 1061 1976 proinde
1085 1894 1244 1956 obnixius

125 1985 240 2064 petere
276 1985 311 2045 et
346 1982 411 2044 hoc
447 1982 555 2058 omni,
592 2002 659 2063 quo
696 2002 785 2064 papa
822 1982 955 2058 iubeat,
995 1982 1244 2045 satisfactionis

125 2090 248 2153 genere
282 2073 440 2153 paratum
472 2071 629 2145 emereri,
666 2074 706 2132 ut
741 2069 813 2132 solo
848 2071 987 2134 interim
1023 2072 1244 2134 anathemate

125 2158 323 2222 absolvatur
353 2162 388 2221 et
418 2159 668 2222 communionis
699 2159 952 2223 ecclesiasticae
985 2160 1131 2242 gratiam
1163 2159 1244 2223 reci·

125 2247 196 2330 piat
207 2249 228 2321 ²,
252 2268 478 2329 responsurus
502 2268 543 2311 ex
566 2247 713 2328 integro,
738 2242 973 2329 quacumqued
994 2248 1059 2321 die,
1085 2268 1244 2328 quocum·

125 2356 188 2418 que
212 2337 288 2399 loco
313 2357 402 2418 papa
425 2335 604 2418 precipiat,
630 2338 804 2416 tamquam
829 2336 917 2398 nihil
934 2337 999 2399 hac
1017 2337 1244 2399 conventione

125 2427 240 2488 actum
270 2425 329 2501 sit,
361 2424 533 2499 omnibus,
566 2445 653 2507 quae
684 2428 900 2488 accusatores
924 2425 997 2488 eius
1026 2424 1242 2499 obiecissent,

125 2513 325 2576 criminibus
349 2516 384 2576 et
413 2514 512 2575 iuxta
541 2513 749 2576 sententiam
773 2513 846 2576 eius
877 2535 1021 2595 regnum
1048 2514 1103 2576 vel
1134 2517 1244 2577 reten-

125 2604 236 2676 turus,
269 2602 298 2664 si
328 2602 464 2665 obiecta
494 2605 688 2684 purgasset,
720 2601 774 2664 vel
803 2622 890 2683 equo
920 2602 1048 2676 animo,
1081 2602 1110 2664 si
1141 2623 1244 2664 causa

125 2691 314 2767 cecidisset,
339 2691 525 2752 amissurus
536 2691 555 2750 3.
593 2690 663 2752 Diu
680 2711 770 2773 papa
792 2690 932 2763 restitit,
956 2691 1086 2755 veritus
1110 2691 1147 2752 in
1162 2710 1243 2773 rege

125 2779 283 2842 iuvenilis
319 2779 424 2841 animi
459 2779 728 2842 inconstantiam
759 2782 794 2841 et
825 2780 990 2860 proclive,
1027 2799 1242 2861 quocumque

126 2871 353 2931 assentatores
376 2868 605 2949 impulissent,
637 2867 825 2949 ingenium.
873 2867 941 2931 Sed
964 2871 1146 2950 superatus
1170 2871 1242 2930 tan·
1314 2944 1317 2950 Ι

126 2955 199 3019 dem
230 2956 495 3039 importunitate
520 2956 780 3038 perurgentium
804 2959 839 3019 et
862 2955 1034 3039 gravitate
1058 2956 1242 3019 sententia·

126 3044 234 3107 rum⁴t
263 3044 309 3106 ‘si
332 3044 521 3121 veraciter’,
546 3044 668 3126 inquit,
696 3043 783 3107 ‘eum
801 3045 887 3107 facti
911 3045 1055 3127 penitet,
1081 3064 1241 3106 coronam

125 3135 154 3194 et
183 3136 324 3197 caetera
357 3134 455 3216 regni
485 3133 635 3215 insignia
664 3133 700 3193 in
731 3137 973 3215 argumentum
1004 3152 1104 3196 verae
1135 3135 1170 3194 et
1200 3151 1241 3195 ex

125 3321 180 3366 dae
199 3323 252 3364 Ba.
316 3324 339 3370 b)
356 3323 436 3362 anxiae
454 3325 505 3373 1413
525 3323 589 3370 cfir
567 3323 741 3365 Flamma?
761 3323 780 3368 (i
782 3323 834 3368 nfra
848 3333 873 3370 p
887 3322 933 3369 sla,
953 3321 1025 3369 126)
1088 3322 1109 3366 c)
1128 3321 1242 3363 aaran.

125 3371 303 3426 lquocnmqus
317 3377 374 3419 1³1¹.

125 3518 135 3580 )
166 3519 217 3581 Cf.
236 3535 367 3585 auprap
384 3519 563 3583 ί2812)
587 3518 749 3584 lampertus
774 3517 836 3580 lcps't
859 3516 996 3581 epistotam
1017 3516 1151 3580 Grepomr,
1176 3515 1240 3580 Ray.

126 3588 161 3654 V,
180 3593 227 3653 12,
249 3590 311 3639 nbi:
332 3606 382 3656 per
400 3588 491 3640 omnis
510 3604 537 3639 se
557 3588 758 3639 satisfacturum
776 3586 834 3637 Deo
854 3590 882 3637 et
900 3589 994 3637 sancto
1012 3584 1095 3638 Petro
1114 3602 1146 3638 ac
1163 3585 1241 3638 nobis

125 3657 273 3713 btulit...
284 3659 474 3725 d.,ummodo
492 3658 565 3726 apud
576 3676 626 3710 nos
639 3657 817 3710 absolutionis
829 3661 857 3710 et
870 3656 1033 3737 apostolicae
1045 3655 1241 3709 benedictionis

125 3731 235 3784 retiam
262 3699 407 3798 impetrare
432 3734 591 3782 mereretur.
628 3728 708 3796 Quod
734 3745 795 3780 oum
821 3727 868 3780 diu
886 3726 979 3779 multis
998 3727 1241 3780 consultationibus

125 3802 284 3868 ifferentes,
309 3802 408 3854 acriter
433 3817 496 3852 eum
522 3800 557 3852 de
582 3800 636 3851 suis
655 3799 808 3852 excessibus
825 3816 875 3867 per
894 3814 988 3851 omnes
1014 3799 1061 3866 qui
1079 3799 1241 3851 intercurre-

125 3876 182 3925 nnt
201 3872 309 3924 nunciis
327 3871 559 3939 redargueremus.
596 3872 640 3922 aa
666 3878 770 3922 tautum
794 3871 876 3921 huius
902 3871 996 3935 longas
1019 3872 1189 3921 narrationis
1210 3871 1241 3921 de

125 3945 278 3997 ‘omatibus
295 3944 396 3994 habitis
413 3959 475 3994 vera
493 3949 565 4006 sumt,
592 3958 659 4008 quoe
683 3958 741 3993 cum
766 3942 809 3992 his
827 3942 913 3994 verbis
933 3943 1061 4007 Gregorii
1077 3943 1240 4004 conveniunt,

125 4017 223 4082 sls'qun
242 4030 290 4066 ιιιο
307 4030 378 4066 more
395 4019 553 4065 commentus
571 4019 607 4063 eat
626 4013 721 4078 Lamp.
776 4013 804 4077 3)
822 4012 893 4064 Haec
912 4014 1100 4080 (responsmns
1114 4041 1145 4050 -
1160 4011 1240 4062 amis-

125 4089 206 4153 urus)
233 4102 319 4150 regem
343 4084 466 4136 obtulisse
488 4099 521 4135 ea
546 4083 631 4136 verbis
657 4084 784 4148 Grepors'i
807 4084 871 4148 Ray.
891 4084 941 4148 IV,
961 4087 1002 4137 12.
1027 4084 1107 4146 infra
1128 4100 1158 4148 p.
1178 4084 1240 4144 ⁸293,

125 4192 138 4211 .,
152 4161 183 4212 3.
203 4157 323 4207 madalis
340 4163 364 4207 et
382 4161 456 4207 textu
474 4157 647 4207 securitatum
665 4171 683 4205 a
701 4154 907 4218 reportaturum
925 4154 1002 4218 (Rea.
1022 4153 1042 4203 1
1043 4155 1072 4216 V,
1087 4156 1154 4213 122)
1171 4168 1241 4205 com·

125 4235 222 4280 renna
239 4233 283 4280 est.
347 4227 376 4293 4)
394 4228 542 4290 armarius
560 4227 632 4277 droit
649 4227 678 4275 in
697 4226 809 4292 epistola
827 4225 939 4275 mndata
957 4227 1034 4275 tanta
1052 4223 1174 4276 omnium
1193 4223 1240 4290 qui

125 4298 151 4350 bi
172 4297 288 4349 aderant
305 4297 503 4365 supplicatione
522 4296 659 4348 devictum
683 4312 719 4360 ss,
744 4301 774 4346 ut
798 4312 884 4360 repam
909 4297 1176 4347 excommunicatione
1193 4295 1240 4345 ab·

125 4369 233 4432 οἰωνοί,
253 4385 307 4420 nom
324 4375 354 4419 ut
371 4385 458 4433 recem
477 4368 600 4420 advenire
614 4369 787 4433 permitteret.
820 4367 891 4430 Quae
909 4365 987 4418 serbo
999 4366 1096 4431 Lamp.
1114 4381 1148 4417 ec:
1164 4365 1241 4416 arbi·

125 4441 170 4492 rs'o
188 4441 366 4507 transposuit,
389 4447 420 4491 nt
437 4441 571 4506 sequentia
589 4445 733 4491 commento
750 4442 918 4504 componeret.

974 4540 1024 4598 19*
