2842 5026
358 429 558 485 LAMPER'I'I
576 428 766 485 ANNALES.
803 430 839 482 A.
860 433 936 487 1073.
1162 435 1213 487 143

85 635 264 679 sessorum
294 634 435 677 suorum
464 613 637 676 industria
664 613 811 676 resecari
833 612 974 678 vellent.
1022 613 1065 677 Se
1096 617 1212 677 autem
1224 592 1333 702 {offla

86 703 159 766 iam
191 702 314 766 adulta
343 702 398 766 vel
427 702 566 786 pociusl
594 706 792 766 senescente
823 701 989 766 aecclesia
1019 703 1368 786 spiritualia1.oor.s,1s.

87 811 293 875 comparare
316 790 564 874 spiritualibus,
596 810 659 854 nec
687 790 753 853 iam
779 791 931 874 parvulis
954 791 1018 868 lac,
1050 792 1110 856 sed
1141 812 1212 874 per·
1223 812 1298 853 aar.
1306 813 1353 863 aa
1361 814 1382 852 2.

86 880 193 944 fectis
218 880 367 943 solidum
390 879 506 943 cibum
529 879 724 943 ministrare
752 883 856 961 atque
880 880 1003 942 sfiliis
1027 879 1213 944 aecclesiae

65 969 185 1052 sleges
216 967 488 1033 aecclesiasticas
518 966 664 1050 exigere.
710 966 860 1031 Proinde
891 988 963 1032 esse
998 969 1047 1032 eis
1078 972 1139 1031 aut
1169 969 1212 1032 ab

89 1058 230 1121 unitate
269 1056 455 1121 aecclesiae
493 1055 723 1120 secedendum
762 1059 823 1118 aut
857 1056 992 1138 legibus
1028 1057 1213 1121 aecclesiae

89 1145 343 1229 aequanimiter
359 1138 684 1227 adquiescendumb.
716 1143 804 1207 Tum
819 1143 873 1206 illi
888 1165 1006 1208 rursus
1022 1166 1084 1228 per
1100 1146 1213 1209 Deum

10 1260 12 1273 ·
89 1256 198 1303 crare.
224 1237 274 1308 ut,
303 1234 332 1297 si
358 1234 395 1296 in
417 1232 565 1297 Romani
591 1233 764 1316 pontificis
792 1233 1010 1310 auctoritate,
1036 1234 1123 1296 siin
1148 1234 1213 1296 Ka·

90 1323 215 1387 roli0·l
237 1322 452 1405 aliorumque
475 1322 722 1404 imperatorum
745 1321 944 1404 privilegiis,
973 1322 1002 1384 si
1025 1323 1061 1384 in
1085 1343 1213 1405 preces·

66 1432 207 1476 rusorum
239 1411 313 1476 eius
336 1410 618 1494 Mogontinorum
650 1410 853 1493 pontificum
883 1410 1102 1494 indulgentia
1125 1410 1213 1473 nihil

93 1500 157 1564 sibi
185 1499 329 1584 presidii
359 1502 420 1562 aut
454 1499 528 1582 spei
562 1498 733 1581 reliquum
764 1501 867 1575 esset,
904 1498 1055 1582 ipsarum
1091 1500 1213 1565 saltem

94 1589 306 1653 decimarum
336 1608 412 1652 eam
442 1582 536 1671 ipse‘¹
564 1587 807 1670 partitionem⁰
836 1587 911 1651 fieri
941 1588 1079 1665 sineret,
1111 1610 1213 1671 quam

94 1682 128 1742 et
157 1698 331 1741 canonum
361 1677 449 1740 scits
479 1669 623 1758 equamf
650 1675 869 1748 iudicassent,
901 1679 937 1740 et
967 1681 1123 1741 caeterae
1153 1697 1214 1760 per

95 1766 210 1830 orbem
240 1768 412 1830 terrarum
443 1764 629 1829 aecclesiae
664 1765 828 1827 usitatam
864 1765 1045 1841 haberent,
1082 1765 1214 1829 scilicet

10 1898 12 1903 -
64 1859 132 1918 aut
155 1857 283 1936 quarta
315 1857 413 1937 parte
443 1853 516 1936 ipse
544 1872 606 1936 pro
629 1872 692 1916 suo
715 1872 922 1936 suorumque
945 1855 1126 1917 missorum
1149 1874 1213 1917 ser·

97 1943 182 2007 vicio
206 1945 401 2017 contentus,
424 1945 496 2006 tres
518 1941 668 2023 reliquas
684 1942 858 2024 portiones
882 1942 1065 2017 aecclesiis,
1089 1942 1214 2024 quibus

97 2031 288 2114 antiquitus
307 2030 508 2094 attitulatae
531 2030 689 2105 fuissent,
714 2031 942 2112 permitteret.
978 2030 1128 2094 Econtra
1147 2031 1214 2114 epi-

98 2140 217 2203 scopus
240 2141 309 2183 non
333 2139 375 2183 ea
397 2121 513 2183 mente
543 2140 578 2183 se
609 2119 659 2181 ait
681 2121 819 2181 tantum
844 2118 997 2183 laborem
1019 2119 1155 2184 trivisse
1179 2123 1215 2183 et

97 2209 160 2271 iam
186 2228 249 2291 per
272 2209 390 2271 decem
413 2208 521 2271 ferme
546 2227 653 2271 annos
680 2206 890 2271 laboriosum
914 2209 980 2271 hoc
1003 2228 1122 2271 saxum
1145 2207 1214 2271 vol·

58 2298 204 2370 asrael,
236 2301 277 2359 ut
306 2297 448 2361 tandem
475 2295 661 2378 aliquando
684 2296 758 2358 voti
788 2316 926 2380 compos
952 2296 1097 2361 effectus
1121 2296 1214 2360 ultro

96 2385 168 2449 iure
192 2405 256 2448 suo
280 2384 418 2448 cederet
441 2388 477 2449 et
499 2387 600 2448 tanto
624 2384 800 2448 molimine
824 2387 975 2449 extortas
999 2386 1048 2449 eis
1064 2384 1214 2449 decimas

93 2473 176 2557 ipsis
207 2493 270 2556 pro
293 2473 417 2560 libicos
443 2493 504 2536 suo
532 2473 730 2556 partiendas
758 2466 968 2537 addicereth.
1015 2473 1150 2537 Primus
1174 2495 1213 2537 ac

91 2563 267 2626 secundus
290 2561 362 2625 dies
392 2561 428 2624 in
451 2562 518 2625 hac
541 2563 797 2626 concertatione
824 2561 893 2625 iam
915 2561 1063 2626 fluxerat
1072 2562 1093 2640 ³,
1125 2562 1214 2627 anci·
1225 2589 1292 2628 aare.
1301 2589 1334 2628 ιο.
1343 2589 1377 2628 11.

88 2651 158 2734 piti
183 2651 299 2714 adhuc
322 2650 473 2723 fortuna,
505 2653 585 2713 utra
614 2671 693 2734 pars
720 2651 791 2713 utri
820 2670 956 2715 cessura
977 2651 1080 2716 foret.
1127 2651 1214 2714 Iam·

49 2760 159 2822 nsque
176 2739 214 2802 in
230 2759 271 2802 eo
286 2759 340 2803 res
355 2738 564 2813 vertebatur,
589 2743 629 2801 ut
644 2733 821 2822 Turingi¹‚
847 2739 1042 2823 improbata
1057 2734 1212 2817 sinodok,
1225 2765 1292 2806 nm.
1301 2766 1333 2804 12.

86 2827 211 2892 sedem
228 2827 452 2910 apostolicam
468 2826 695 2911 appellarent.
735 2827 802 2891 Sed
826 2848 886 2893 rex
909 2828 973 2892 sub
989 2829 1214 2893 attestatione

88 2916 244 2979 nominis
279 2916 388 2979 divini
422 2916 619 2980 affirmabat
653 2936 689 2981 se
719 2917 755 2979 iu
786 2936 879 2992 eum,
911 2917 940 2979 si
969 2917 1045 3000 quis
1075 2918 1111 2980 id
1142 2938 1214 3000 pre·

89 3005 306 3088 sumpsisset,
338 3004 481 3088 capitali
503 3005 676 3070 sententia
699 3005 1016 3069 animadversurum
1041 3008 1076 3069 et
1099 3007 1215 3069 omnia

91 3113 183 3176 quae
208 3094 281 3157 eius
304 3096 419 3157 essent
442 3113 549 3176 usque
574 3087 635 3155 ad¹
665 3093 925 3158 internitionem
956 3094 1212 3177 dissipaturum,

49 3181 298 3264 noclademque
321 3183 395 3246 eius
418 3181 516 3245 diei¹¹¹
532 3181 651 3245 multis
675 3185 796 3265 postea
818 3182 963 3247 seculis¹¹
986 3202 1055 3244 non
1079 3181 1214 3246 abolen-

94 3270 186 3333 dam.
234 3269 292 3332 Ita
314 3269 421 3333 abbas
444 3269 689 3334 Herveldensis
712 3291 851 3334 sucrum
875 3269 1029 3353 periculo
1052 3270 1215 3333 conterri-

93 3363 162 3436 tus,
189 3358 350 3441 quoniam
374 3357 479 3434 aliud,
504 3359 540 3420 in
564 3362 678 3422 artum
700 3359 869 3423 conclusis
892 3358 1004 3436 rebus,
1029 3378 1099 3422 non
1122 3360 1215 3441 pate

95 3497 117 3543 a)
132 3506 175 3534 am.
191 3492 252 3535 nib.
320 3495 344 3545 b)
358 3507 407 3542 aeq.
422 3495 509 3534 ΒΜ.
573 3498 593 3543 c)
608 3494 681 3534 Caroli
696 3497 743 3534 Al.
758 3495 806 3534 Bt.
862 3492 885 3544 d)
900 3494 942 3534 sibl
957 3494 1004 3534 Bt.
1059 3494 1081 3545 e)
1095 3496 1214 3545 particlpa·

95 3549 256 3588 tionemBlb.
304 3548 466 3599 00111121310.
514 3548 536 3598 g)
551 3548 614 3587 libitu
628 3549 674 3587 131.
684 3548 749 3599 2.8b;
765 3550 794 3596 al.
808 3559 878 3598 supra
888 3561 914 3598 p.
925 3549 971 3597 111,
986 3549 1002 3588 1.
1013 3549 1046 3588 10.
1095 3547 1215 3599 h)2dijce-

63 3603 192 3644 soreres.
261 3602 278 3651 i)
291 3602 360 3640 Thur.
376 3602 451 3641 ΒΗ.
460 3599 494 3641 sb.
556 3600 808 3652 k)nyn.A1.B1.8b.
869 3601 885 3652 1)
900 3612 968 3650 usquc
982 3602 1152 3642 internetionem
1167 3604 1213 3641 Al.

95 3667 125 3700 m]
141 3666 183 3693 om.
199 3656 246 3694 132.
301 3655 326 3705 n)
339 3656 403 3694 seclis
416 3656 475 3695 111⁸.

99 3767 124 3827 1>
143 3762 246 3812 Karoli
263 3762 361 3827 Moysi
376 3761 555 3828 privileaium,
575 3775 627 3827 quo
645 3762 806 3812 inonacierio
824 3761 957 3814 Fuldcasi
972 3761 1086 3815 decimae
1103 3763 1214 3828 dantur,

96 3834 188 3884 datum
203 3839 238 3883 esi
257 3850 283 3886 a.
295 3835 357 3898 810,
378 3835 445 3899 Api.
458 3835 503 3894 22,
522 3832 640 3894 monle,
659 3833 747 3884 Codes
758 3833 823 3898 dipl.
836 3833 918 3885 Fuld.
935 3851 962 3900 p.
978 3836 1029 3888 127
1039 3851 1086 3901 sa,
1105 3850 1149 3884 nr.
1163 3836 1215 3888 247

96 3905 174 3968 (Rea.
194 3904 261 3969 Imp.
289 3906 318 3970 1,
346 3920 388 3957 nr.
408 3905 474 3964 438)
504 3905 551 3967 (cf.
576 3906 656 3955 ctiam
680 3904 791 3954 Drosike
817 3920 861 3957 nr.
881 3905 934 3958 ‘248
956 3930 986 3947 =
1007 3905 1070 3970 Rea.
1096 3904 1165 3970 Imp.
1191 3905 1214 3971 I,

64 3989 140 4028 ianr.
154 3977 228 4033 4:39).
266 3976 429 4026 Manasierio
448 3974 634 4037 Hecataei
650 3992 668 4026 a
687 3975 790 4026 Karoia
808 3975 909 4040 Mayiio
926 3975 958 4025 de
976 3976 1078 4041 aliquot
1092 3976 1216 4040 pracdii'e

101 4046 270 4110 Thurinyiae
288 4046 401 4096 deciinae
418 4061 549 4096 concessae
566 4051 628 4095 suni
646 4046 723 4109 (lieo.
743 4045 811 4111 Imp.
831 4045 854 4110 I,
874 4047 1214 4100 nr.173.188.189.211.

96 4119 150 4171 ‘249
168 4119 270 4182 spicio.
290 4119 343 4170 206
360 4116 455 4166 dubiae
473 4117 556 4180 fidei),
574 4116 619 4166 sed
636 4116 667 4167 {le
685 4117 807 4167 carnibus
820 4117 947 4181 praediis
963 4115 1137 4179 Thurinpiois
1155 4115 1217 4165 hiric

96 4191 258 4239 aionasteiio
283 4204 363 4254 neque
381 4205 398 4238 a
417 4188 523 4239 Karoia
543 4187 579 4239 Μ,
605 4203 686 4253 neq-ue
706 4204 725 4236 a
742 4186 934 4238 successorem
951 4188 1008 4236 eius
1025 4187 1139 4237 decimae
1156 4200 1217 4238 oon·

96 4274 182 4308 cessae
199 4265 270 4311 sani.
343 4262 370 4321 2)
395 4259 497 4312 Termi.
518 4257 641 4312 Eunuch.
661 4258 691 4320 V,
705 4261 731 4321 8,
745 4260 794 4313 55:
822 4256 894 4310 Satis
912 4256 959 4308 diu
978 4255 1029 4308 hoc
1046 4256 1101 4308 iam
1120 4273 1216 4308 saxum

61 4344 88 4382 lc
97 4329 187 4381 volvo.
219 4330 349 4383 HESSE.
387 4330 429 4392 Cf.
455 4345 541 4396 saepia
564 4329 772 4395 1171110439.
793 4330 892 4394 lOqu,
982 4329 1009 4393 3)
1033 4328 1105 4379 Nota
1129 4327 1217 4378 cadmi

97 4401 156 4464 fere
175 4401 251 4452 rerba
271 4402 299 4451 in
318 4402 476 4451 narratione
494 4399 590 4463 synodi
607 4399 790 4464 Mopuntinae,
809 4415 896 4466 supra
910 4415 941 4464 p.
955 4399 1015 4463 131,
1036 4398 1053 4452 l.
1067 4400 1108 4452 18.
