2842 5026
148 433 201 485 324
309 425 405 481 VITA
425 423 542 480 LULLI
560 421 740 478 AROHOEP.
760 421 870 480 AUOT.
888 415 1121 476 LAMPEBTO.

150 610 339 674 christiano
363 606 452 670 nihil
468 606 656 682 decentiae,
681 604 886 687 professioni
909 602 1168 668 monachorum
1190 602 1268 665 nihil

151 698 372 761 commodius.
413 695 561 758 Proinde
585 695 677 777 ipsos
700 712 770 755 non
794 693 881 757 bene
904 692 1034 756 rebus⁸
1055 690 1128 753 suis
1152 692 1269 774 prospi-

151 807 236 851 cere.
262 787 290 847 si
315 786 530 847 immemores
554 781 787 846 nobilissimae
811 779 1098 849 conversationis,
1123 798 1192 861 qus
1208 779 1269 843 fue

150 878 230 936 ruat
258 896 277 935 a
301 873 403 936 beato
427 870 608 934 Bonifacio
632 869 823 934 liberaliter
845 869 1000 943 educati,
1032 866 1132 930 ultro
1156 866 1192 928 in
1213 887 1269 930 ser

151 963 297 1024 vitutem
322 961 559 1023 concederent.
606 957 672 1021 His
702 961 807 1040 atque
834 957 1037 1021 huiusmodi
1061 955 1285 1021 sermonibuss

151 1072 171 1112 a
195 1050 297 1112 beato
316 1047 418 1110 Lullo
443 1051 645 1111 cunctorum
669 1046 818 1109 fratrum
842 1046 975 1109 animos
998 1064 1108 1128 quam
1130 1044 1269 1108 maxime

152 1137 314 1201 alienavit
347 1139 382 1199 et
412 1134 501 1197 nihil
530 1134 602 1197 tale
632 1135 823 1218 suspicanti
852 1154 922 1198 non
952 1133 1167 1197 mediocrem
1195 1132 1269 1195 inri-

152 1226 242 1288 diam
273 1217 388 1287 brevib
417 1224 660 1287 conflaverate.
708 1222 759 1284 Ex
789 1223 855 1285 hoc
884 1241 1004 1286 omnes
1035 1240 1117 1284 eum
1140 1220 1269 1284 infestis

152 1313 339 1387 meatibus,
372 1306 544 1375 adversis‘1
571 1310 752 1374 obtutibus
782 1310 965 1393 respicere,
997 1307 1268 1373 familiaritatem

152 1401 313 1474 abnuere,
337 1400 519 1462 verborum
549 1399 742 1462 blandicias
765 1398 869 1463 velud
895 1398 1108 1461 instructase
1137 1396 1184 1460 ad
1206 1419 1295 1480 pera

153 1490 275 1552 niciem
300 1508 396 1551 suam
418 1481 616 1571 decipulass
635 1487 805 1570 refugere,
830 1490 990 1550 omnemss
1007 1485 1084 1550 eius
1108 1479 1327 1581 ‘congrae-asp

152 1598 226 1639 sum
251 1580 287 1639 et
311 1576 519 1657 colloquium
551 1580 748 1659 suspectum
780 1574 918 1649 habere,
950 1574 1102 1656 denique
1126 1594 1205 1638 curn
1227 1574 1267 1637 di·
1324 1596 1327 1667 j

152 1665 310 1738 lectione,
343 1685 419 1727 cum
444 1664 629 1737 beneficiis,
662 1685 740 1727 curn
764 1662 1003 1726 munificentia
1025 1662 1117 1739 odio,
1148 1662 1267 1726 detrac-
1324 1672 1327 1711 Ι

151 1754 246 1815 tione
270 1757 305 1815 et
329 1752 491 1815 conviciis
515 1752 702 1816 decertare.
1324 1718 1327 1821 t

263 1844 312 1901 14.
352 1839 430 1903 Huc
455 1840 608 1907 accessit.
633 1839 726 1922 quod
749 1838 813 1902 sub
835 1839 928 1902 idem
951 1839 1026 1903 fere
1049 1842 1188 1922 tempus
1205 1841 1290 1922 qui-u
1325 1852 1327 1865 '

153 1930 230 1991 dam
266 1928 405 1990 factiosi
440 1928 617 1991 homines¹
653 1928 778 1991 faciem
813 1927 904 2010 regis
936 1927 1080 2011 Pippini
1114 1928 1263 1991 adversus

153 2016 313 2079 abbatem
338 2016 570 2080 Sturmionem
601 2014 926 2099 interpellaverunt,
958 2018 1164 2079 accusantes
1186 2036 1260 2090 eun,

153 2105 244 2186 quod
268 2105 304 2165 in
328 2104 457 2185 regiam
482 2105 697 2167 maiestatem
722 2104 834 2167 verbis
864 2103 1011 2166 nimium
1035 2103 1258 2187 petulantibus

68 2193 383 2255 rtrrrexcessissete.
426 2191 528 2256 Unde
552 2213 610 2255 rex
634 2192 686 2254 ira
709 2211 892 2256 succensus
916 2192 1021 2255 exilio
1045 2210 1127 2256 eum
1149 2192 1257 2275 relega·

153 2281 212 2349 vit,
240 2280 420 2342 Fuldensis
443 2300 523 2343 vero
547 2281 747 2344 monasterii
771 2279 1025 2363 providentiam
1050 2280 1154 2344 besto
1172 2280 1280 2345 Lulloa

154 2368 315 2432 decrevit.
353 2367 404 2430 Ea·
426 2389 480 2431 res
503 2368 690 2451 suspicioni
714 2369 783 2431 iam
807 2368 940 2451 pridem
963 2371 1063 2432 ortae
1086 2390 1157 2432 non
1179 2369 1254 2432 mini·

154 2449 267 2518 mum¹¹
294 2456 426 2519 roboris
456 2456 601 2519 addidit.
648 2456 737 2519 Tota
766 2456 924 2540 protinus
948 2457 1175 2540 congregacio
1197 2459 1254 2541 pari

153 2538 331 2606 aclversusi
356 2546 554 2625 episcopum
579 2545 694 2606 studio
711 2546 922 2627 conspiravit
938 2545 1119 2627 multaque
1142 2546 1253 2608 ineam

153 2633 269 2712 grana
305 2637 338 2694 cl
376 2636 566 2694 memoratu
598 2628 832 2695 'incredibilia
869 2633 1057 2697 maledicta
1093 2635 1317 2716 congessimus

154 2721 318 2781 dictitans
342 2742 418 2782 eum
452 2720 617 2781 malorum
650 2721 773 2782 talium
804 2722 1017 2785 incentorem
1047 2721 1168 2796 fuisse,
1198 2722 1279 2784 eiuss

154 2808 340 2888 largicione
365 2812 580 2871 accusatores
599 2808 706 2871 fuisse
731 2804 944 2891 corruptosk,
971 2811 1045 2872 eius
1070 2810 1200 2872 artibus
1219 2811 1255 2871 in·

153 2900 310 2962 structos,
344 2898 416 2958 eius
442 2897 557 2957 studio
586 2897 621 2957 iu
649 2897 860 2960 audientiam
886 2892 992 2978 regis¹
1018 2899 1192 2972 admissos
1215 2918 1256 2980 po·
1325 2962 1327 2985 Ι

153 2988 279 3047 strcmo
310 2988 418 3046 totam
444 2986 546 3046 huius
578 2985 806 3048 accusationis
837 2986 993 3048 fabulam
1021 2987 1064 3049 ab
1096 3006 1136 3050 eo
1167 2986 1258 3048 fuisse

153 3075 344 3141 confictam,
377 3076 556 3152 (audenus,
589 3073 774 3136 deturbato
803 3077 949 3155 pastore,
980 3075 1054 3156 ipse
1086 3075 1123 3137 in
1147 3075 1258 3138 desola-

152 3164 226 3222 tum
259 3160 347 3222 ovile
379 3161 450 3222 siue
483 3161 635 3241 periculo
666 3162 833 3244 impetum
858 3163 1022 3225 faceretss⁸
1071 3164 1126 3225 Ad
1158 3164 1286 3226 sedan-a

154 3249 230 3310 darm
256 3270 336 3330 ergo
362 3249 480 3310 lrauc¹¹¹
505 3249 642 3310 turbam
669 3250 946 3332 archiepiscopus
975 3251 1087 3313 modis
1116 3251 1260 3314 omnibus

154 3337 307 3398 intentus
325 3336 479 3398 Marcum
500 3337 671 3417 quendam
696 3339 833 3400 nomine
859 3339 1005 3420 prefecit
1029 3340 1079 3401 eis
1104 3339 1260 3402 abbatem.

153 3424 262 3484 virum
294 3426 386 3485 mitis
418 3426 548 3505 ingenii
573 3429 621 3490 et,
654 3430 694 3487 ut
718 3426 810 3488 eius¹¹
839 3426 975 3489 ferebat
1003 3427 1136 3509 opinio,
1168 3427 1261 3489 tantis

153 3628 175 3664 al
190 3639 262 3674 prosp,
278 3640 294 3668 r.
308 3630 353 3666 suls
369 3631 399 3670 2⁸,
450 3631 472 3673 b)
487 3642 527 3671 orer,
541 3631 572 3671 2¹.
623 3638 643 3671 cl
658 3637 681 3669 at
696 3642 705 3668 c
720 3643 777 3672 σονν,
792 3634 810 3673 1,
858 3632 880 3677 d)
895 3634 1006 3671 sversls
1021 3632 1081 3681 Μ,
1098 3638 1120 3670 ut
1136 3634 1211 3681 Luam,
1225 3634 1263 3668 tn?

153 3682 263 3726 scripsisse
278 3683 372 3727 r=idelur·;
394 3684 420 3727 cs,
435 3695 503 3730 erepru
519 3686 599 3730 praa.
615 3685 671 3724 tra
746 3687 767 3729 ι’)
786 3686 817 3721 aa
833 3684 890 3725 1⁸¹5.
905 3683 955 3722 ΞΜ)
974 3686 1020 3733 (vel
1034 3687 1099 3727 lustr.
1114 3687 1159 3734 ἵης
1180 3688 1288 3726 siracusa

153 3730 182 3770 sd
198 3733 317 3779 pernicicm
332 3745 393 3771 auram
413 3737 454 3782 lapi
469 3741 570 3784 crepuerint
587 3739 604 3784 1,
628 3749 705 3773 »nonae
720 3749 737 3778 a,
753 3738 801 3778 ΧΥ,
819 3739 935 3784 aupes-leri!
953 3741 1022 3787 r'neple
1041 3739 1263 3778 instrumentorumel

153 3783 182 3822 sd
198 3797 335 3832 pernarum
352 3789 434 3830 deleuit,
455 3794 477 3824 u!
495 3789 546 3825 haec
565 3790 606 3835 leci
625 3796 734 3837 nequeant,
803 3791 820 3839 s)
838 3792 866 3829 de
884 3802 999 3839 cleptem„
1020 3793 1067 3829 clla
1083 3793 1165 3829 aillclm
1181 3794 1263 3839 <transit

154 3838 417 3885 delerat—sueciave
480 3844 503 3887 p)
518 3853 593 3879 ornnes
609 3846 639 3883 2¹,
699 3844 721 3889 ll)
735 3843 828 3880 nimium
844 3843 900 3885 Μ’,
963 3845 978 3890 l)
992 3856 1112 3892 euperem..
1132 3851 1151 3883 et
1165 3845 1262 3892 arrlriepl·

153 3902 242 3938 scopum
257 3903 313 3933 cor-r,
327 3893 406 3939 episc„
426 3894 487 3930 arclrl
503 3895 576 3937 dell:
597 3906 617 3942 p.
632 3901 658 3935 st,
673 3894 723 3937 adv,
739 3907 773 3944 cp.
789 3895 821 3938 il,
883 3897 906 3934 ki
922 3904 1035 3946 correptos
1052 3902 1069 3938 1.
1086 3897 1204 3946 1¹·b,1›oa
1219 3909 1263 3937 corr.

154 3951 270 3992 corruptos
288 3949 316 3987 1¹¹.
333 3950 350 3981 el
366 3947 396 3982 ila
411 3946 469 3992 2⁵4¹,
486 3952 507 3982 ut
523 3948 599 3995 Lamp,
615 3950 636 3984 in
651 3949 772 3996 exernpiam'
786 3950 915 3992 reurrexit.
966 3951 981 3993 l)
995 3962 1103 3999 superam
1119 3954 1137 3993 l.
1192 3954 1219 3995 111)
1233 3953 1288 3989 emat

155 3996 211 4043 μὴ,
232 3999 267 4033 uti
284 3998 438 4040 turbationem.
493 4000 515 4041 ul
531 4001 569 4040 fer.
584 4004 631 4038 clim
646 4006 677 4042 2¹.

155 4156 181 4215 l)
205 4156 229 4204 T
227 4172 268 4205 res
288 4158 410 4207 cronaclri
428 4158 581 4213 Fuldenaes.
602 4167 630 4209 ut
650 4160 728 4224 Efqil
745 4176 766 4213 c.
781 4163 822 4216 16.
842 4161 943 4212 scribit.
1046 4162 1074 4227 2)
1095 4162 1174 4226 Eipil
1191 4178 1211 4216 c.
1226 4163 1261 4215 lt:

154 4224 264 4288 crimea,
284 4225 373 4276 nescio
393 4228 473 4292 quod,
493 4227 526 4279 dc
546 4228 688 4281 inimicitis
706 4230 777 4297 regis
796 4231 944 4283 obicientes
963 4231 997 4288 ei.
1058 4232 1087 4299 3)
1107 4233 1198 4284 Etiam
1217 4248 1262 4281 me

155 4297 220 4344 roris
238 4298 360 4346 ‹ua'mae'nie
373 4297 479 4347 [allecia
499 4302 590 4362 (repud
608 4300 686 4365 Elpe'l
703 4317 722 4354 c.
739 4305 780 4361 17,
799 4319 857 4353 curn
877 4319 992 4354 munera
1011 4302 1112 4355 iniusta
1131 4301 1261 4355 tribuendo

154 4380 171 4412 a
190 4364 306 4429 Pippr'no
325 4383 383 4430 repe
401 4369 542 4419 Fuldeaee's
560 4373 675 4421 coenobii
692 4374 808 4436 recimere
827 4374 952 4440 adeptam
970 4389 1030 4427 csse.
1268 4383 1285 4420 ¹⁵
