2842 5026
452 401 649 458 LAMPERTI
666 401 852 458 ANNALES.
889 403 924 458 A.
945 406 1022 460 1076.
1247 406 1299 459 261

179 586 397 650 tenebantur
412 585 584 650 deditione
607 584 808 660 absolverat,
833 585 1051 668 inopinatum
1068 586 1202 648 cunctis
1219 606 1298 667 gau-

181 674 280 737 dium
305 675 532 758 prestiterunt
554 676 656 756 atque
671 694 815 750 omnem,
841 674 961 757 siquis
985 675 1099 737 adhuc
1123 674 1298 738 mentibus

181 764 370 840 resederat,
401 761 597 847 scrupulum
627 763 838 826 ademerunt.
884 762 994 826 Tanta
1022 763 1191 847 siquidem
1214 768 1299 826 tam·

183 872 250 934 que
284 852 465 935 inopinata
498 870 611 915 rerum
644 851 851 933 prosperitas
885 852 1024 916 evidens
1055 852 1190 915 cunctis
1225 857 1300 916 erat

163 941 430 1005 edocumentum
460 939 673 1022 respicientis
703 960 759 1003 eos
783 940 1035 1005 misericordiae
1060 940 1136 1004 Dei.
1185 939 1300 1023 Igitur

184 1032 319 1092 armata
341 1029 520 1092 iuventute
540 1026 721 1091 Saxouiam
740 1032 970 1112 peragrantes,
996 1029 1149 1105 castella,
1175 1029 1300 1111 quibus

183 1137 243 1181 rex
274 1117 462 1199 presidium
491 1116 709 1199 imposuerat,
740 1116 809 1180 alia
838 1117 1024 1194 deditione,
1057 1117 1126 1180 alia
1156 1116 1300 1181 militari

183 1226 304 1280 manu,
341 1205 435 1269 brevi
465 1205 579 1268 omnia
608 1208 826 1288 receperunt;
863 1227 920 1269 eos
950 1206 1009 1289 qui
1043 1207 1161 1269 intus⁸²
1189 1210 1297 1282 erant,

183 1293 330 1376 direptis
360 1292 486 1376 spoliis,
517 1287 724 1357 incolumesb
756 1294 970 1371 dimiserunt,
1002 1298 1145 1378 accepto
1176 1294 1220 1358 ab
1251 1295 1299 1358 eis

151 1411 175 1450 ro
183 1385 408 1458 sacramento,
444 1382 535 1463 quod
569 1381 713 1445 ulterius
743 1382 779 1445 in
810 1382 994 1447 Saxoniam
1024 1382 1201 1447 hostiliter
1230 1405 1300 1446 non

184 1472 351 1534 venirent.
408 1470 545 1534 Amicos
580 1471 678 1553 regis,
714 1476 850 1535 omnes⁰
890 1476 1056 1555 preterea,
1092 1472 1299 1554 quicumque

185 1559 422 1623 communibus
444 1559 596 1641 negociis
618 1579 755 1642 operam
784 1580 879 1622 suam
903 1561 1072 1643 spondere
1096 1559 1298 1636 noluissent,

186 1647 359 1730 dissipatis
382 1647 539 1711 omnibus
563 1667 649 1730 quae
676 1648 861 1725 habebant,
894 1648 1014 1731 procul
1038 1648 1187 1711 Saxonis
1217 1650 1299 1713 effu·

187 1736 348 1818 garunt¹;
373 1739 408 1800 et
432 1736 563 1800 directa
585 1739 638 1799 est
660 1736 752 1799 salus
775 1737 811 1799 in
836 1737 994 1801 manibus
1018 1732 1158 1801 eorumd
1184 1738 1227 1800 ad
1251 1759 1299 1802 re·

130 1825 439 1907 ascoperationem
463 1823 634 1889 libertatis
657 1825 833 1908 pristinae.

290 1912 391 1976 Solus
406 1913 519 1976 adhuc
533 1911 616 1977 Otto
633 1912 702 1976 dux
718 1914 890 1997 quondam
907 1914 1087 1977 Baioariae
1103 1914 1140 1977 in
1156 1914 1299 1978 castello

187 1999 402 2083 Hartesbnrg
435 2001 617 2065 residebat.
664 2002 756 2065 Huic
789 2023 848 2066 rex
884 2024 945 2085 per
974 2006 1083 2066 totam
1116 2003 1299 2066 Saxonianr

186 2090 273 2154 vices
304 2111 382 2152 suas
412 2094 447 2153 et
478 2089 692 2172 publicarum
723 2111 836 2154 rerum
864 2086 1142 2174 procurationem
1166 2092 1300 2174 delega-

180 2178 310 2255 verare,
336 2179 417 2242 dato
441 2178 581 2261 insuper
603 2180 755 2260 negocio,
786 2183 826 2242 ut
851 2179 1032 2244 castellum
1056 2180 1294 2262 Hartesburg⁰

125 2269 213 2328 met
238 2266 338 2330 aliud
368 2267 404 2329 in
427 2271 543 2330 monte
574 2268 632 2349 qui
655 2267 783 2331 dicitur
806 2268 979 2352 Lapideus
989 2269 1009 2343 ³,
1042 2270 1101 2350 qui
1125 2269 1299 2352 proximus

171 2350 360 2418 Goslariae
395 2355 560 2431 imminet,
596 2376 729 2419 summa
763 2378 827 2439 ope
859 2361 1067 2421 extrueretss.
1115 2358 1171 2420 Ad
1206 2358 1298 2420 hunc

166 2439 315 2526 legatos
339 2444 493 2527 dirigunt
524 2446 736 2520 mandantes,
771 2449 811 2508 ut
840 2446 965 2509 omisso
994 2465 1106 2528 opere,
1138 2446 1231 2528 quod
1255 2447 1298 2508 ad

160 2533 391 2596 eversionem
425 2533 538 2615 gentis
573 2554 663 2609 suae,
703 2527 902 2598 immemorh
941 2535 1084 2617 patriae,
1121 2535 1300 2598 immemor

159 2616 362 2694 libert—atis,
387 2615 561 2685 extruere¹
592 2643 771 2704 aggressus
795 2622 849 2697 sit,
879 2622 1059 2686 consilium
1084 2623 1204 2705 pocius
1227 2643 1298 2706 per-

125 2710 295 2791 ⁵quirat
319 2710 363 2772 ad
387 2710 597 2792 ereptionem
622 2711 825 2793 principum,
858 2711 982 2793 quibus
1005 2712 1088 2794 ipse,
1120 2714 1161 2773 ut
1185 2732 1220 2774 se
1245 2711 1298 2773 de-

162 2798 311 2873 derent,
337 2798 656 2862 vehementissimus
679 2803 800 2862 auctor
822 2793 968 2874 fuerit-N
993 2800 1210 2862 iamdudum
1231 2798 1299 2879 opi·

163 2887 318 2950 nionem
352 2887 530 2949 indubiam
565 2887 752 2950 multorum
787 2887 960 2951 mentibus
994 2887 1170 2961 insedisse,
1207 2885 1297 2967 quod

164 2975 308 3038 idcirco
328 2975 538 3039 deditionem
562 2976 706 3039 caeteris
728 2979 911 3060 tantopere
935 2977 1091 3049 suaserit,
1116 2978 1156 3037 ut
1181 2994 1297 3037 eorum

171 3065 347 3147 sanguine
381 3063 470 3145 regis
506 3064 571 3127 sibi
605 3064 757 3126 animum
792 3058 1007 3147 deplacaret¹
1050 3067 1086 3127 et
1125 3060 1298 3125 communi

125 3172 158 3213 ao
176 3152 289 3216 exicio
313 3173 408 3214 suam
432 3153 505 3234 ipse
529 3151 676 3216 salutem
700 3156 919 3217 mercaretur.
955 3152 1032 3214 Hoc
1052 3170 1144 3212 nunc
1164 3148 1298 3212 eviden-

176 3241 274 3304 tibus
297 3240 433 3303 indiciis
456 3241 600 3313 elucere,
626 3262 713 3315 cunr,
738 3240 808 3304 illis
830 3242 866 3303 in
891 3239 1032 3302 ultimas
1056 3241 1171 3320 partes
1195 3240 1298 3298 terra·

175 3351 255 3392 rum
279 3329 479 3413 deportatis,
510 3329 583 3411 ipse
614 3330 818 3413 proditionis
848 3348 930 3390 suae
958 3326 1150 3389 mercedem
1174 3345 1194 3386 a
1217 3342 1297 3403 rege

176 3418 292 3481 tocius
315 3417 482 3481 Senoniae
506 3418 738 3501 principatum
761 3415 933 3499 acceperit
957 3417 992 3477 et
1016 3414 1130 3495 regiae
1155 3410 1297 3474 crudeli·

178 3507 263 3569 tatis
286 3507 440 3570 carnifex
464 3509 567 3588 atque
591 3507 744 3569 omnium
774 3525 861 3587 quae
885 3502 1048 3567 ferociter
1076 3520 1135 3564 rer
1157 3500 1298 3564 medite-

126 3601 237 3663 sstur
266 3595 414 3658 ferocior
445 3595 647 3660 administer
677 3594 811 3658 existat.
859 3592 954 3656 Bene
984 3591 1092 3674 igitur
1122 3590 1235 3653 famae
1263 3590 1298 3652 et

178 3683 303 3746 honori
333 3704 394 3748 suo
426 3683 593 3759 consulat,
626 3685 654 3746 si
677 3687 797 3746 tantae
821 3680 985 3744 infamiae
1010 3678 1181 3743 maculam
1205 3676 1298 3740 claro

178 3771 295 3854 aliquo
326 3794 408 3855 erga
438 3773 584 3854 patriam
613 3794 709 3836 suam
734 3770 900 3836 beneficio
924 3788 1072 3852 purgare
1096 3769 1240 3831 conetur·
1263 3769 1298 3828 et

178 3948 200 3990 a)
215 3944 253 3992 qul
269 3944 392 3983 intererant
406 3945 425 3983 A
434 3946 454 3984 1.
509 3945 531 3992 b)
547 3945 665 3982 incolomes
679 3944 726 3982 ΒΞ.
778 3950 799 3985 ο)
814 3942 872 3990 regis
887 3952 972 3979 omncs.
986 3946 1044 3988 pret.
1059 3938 1171 3984 dictiuncula
1185 3934 1237 3974 Blb
1251 3945 1299 3971 cum

178 3998 437 4046 ⁰³·Pl'1'0r0pfrperom.
492 3996 647 4047 nomam.
693 3995 890 4043 almifluam.
932 3987 1150 4042 nuapmenrssrb.
1192 3991 1297 4035 gyexrtr.

137 4050 226 4095 40132.
282 4051 304 4093 b)
319 4053 378 4089 turin.
393 4051 479 4099 patriae
494 4062 536 4090 om.
551 4051 632 4097 111.r,·
650 4050 677 4095 cs.
691 4059 760 4097 cupra
771 4060 794 4096 p.
806 4048 852 4093 157,
867 4048 881 4087 1.
891 4047 923 4085 22.
940 4046 985 4090 170,
1001 4045 1016 4085 1,
1025 4045 1045 4089 3,
1060 4044 1121 4087 lutra
1131 4054 1155 4089 p.
1166 4041 1212 4085 265,
1227 4041 1242 4081 1.
1251 4040 1270 4081 ³.
1279 4040 1299 4080 4.

178 4104 225 4152 roo,
241 4104 308 4146 1.·.'.3.
363 4104 378 4153 i)
393 4108 508 4143 exstruere
523 4104 581 4141 131¹.
590 4106 610 4141 ι’.
666 4103 688 4150 k)
704 4103 847 4139 breratcorr.
862 4100 929 4137 fucrit
944 4098 990 4135 Bt.
1046 4096 1062 4143 1)
1076 4092 1246 4142 placatorum.

179 4229 206 4294 1)
224 4228 267 4291 Cf.
287 4229 381 4279 Brunc
399 4230 477 4282 cdl.
549 4228 577 4292 2)
595 4226 637 4288 Cf.
656 4239 742 4288 8uprrr
757 4238 786 4288 p.
800 4223 862 4275 251.
934 4219 962 4284 3)
979 4216 1115 4281 Stcinbery
1134 4214 1300 4279 (naamam

176 4306 201 4351 ct
228 4299 363 4350 oreridian
389 4315 480 4350 cneus
503 4299 538 4349 ab
563 4296 626 4355 urbe
651 4296 740 4356 citus).
778 4291 819 4343 Dc
843 4307 894 4357 quo
919 4290 955 4353 cf.
980 4288 1018 4342 Io.
1037 4287 1119 4341 Mat.
1138 4286 1299 4348 Heinercius,

178 4372 313 4436 Arrlr'quil.
335 4370 439 4422 Goslar.
459 4370 482 4433 I,
498 4386 527 4435 p.
540 4370 584 4422 93.
617 4363 748 4417 HESSE.

1310 586 1388 640 1076.

1308 655 1397 704 (luna)

1309 933 1338 979 cs.
1348 933 1384 972 Pr.
1393 933 1419 972 24

1349 987 1384 1033 68,
1395 988 1420 1026 17

1311 1762 1330 1797 1.
1339 1758 1410 1798 uach.
