2842 5026
508 373 729 429 PRAEFATIO
749 373 778 430 0.
792 374 846 431 III.
1105 375 1238 430 XXXIII

111 555 181 616 iam
203 556 243 619 cle
264 555 465 637 sequentibus
487 555 651 620 abbatibus
673 555 816 636 tradidit,
848 563 1012 638 comperta,
1041 563 1076 622 ut
1102 557 1234 639 uidetur,

111 642 303 708 narratione
319 643 543 709 monachorum
559 649 638 708 natu
653 644 820 708 urniorum.
854 644 1031 724 Walfberii
1047 645 1131 709 enim
1146 646 1237 711 Vitas

114 730 305 795 Godeliarcti
328 753 397 796 eri-m
421 731 552 814 leqisse¹
575 731 704 796 minime
728 734 827 814 uero,
857 754 926 798 urm
949 734 1105 798 rionuulla
1128 755 1235 799 eorum

110 840 192 899 quae
216 822 255 884 cle
278 820 464 884 Bernlsaria
487 827 516 885 et
538 820 728 886 Godelmrclo
751 821 915 886 abbatibus
937 828 1053 886 narrat
1076 844 1145 887 curn
1169 823 1235 888 illis

88 928 175 971 seron
201 909 410 973 consentiant.
459 909 523 974 Sed
551 911 588 973 cle
618 909 813 974 dedicatione
839 910 985 975 ecclesiae
1012 910 1234 990 reaedificatae

110 1018 141 1059 a.
169 1002 267 1061 1040.
300 997 536 1080 inscriptionem
570 998 619 1062 uel
652 997 798 1062 notitiam
832 1019 869 1062 eu
902 1019 987 1062 nrore
1026 999 1234 1081 consaeptum

110 1085 224 1166 leqisse
254 1085 387 1150 ridetirr.
441 1085 579 1167 Reliqua
608 1085 674 1149 iam
703 1085 769 1168 ipse
792 1107 948 1167 praesens
976 1086 1013 1151 in
1042 1089 1233 1152 rnonasterio

109 1173 211 1247 indit·
248 1195 382 1254 quorum
405 1195 475 1239 cum
498 1180 563 1238 tam
584 1174 717 1257 eriqnas
738 1174 891 1255 reliquias
913 1174 1096 1256 babeamus,
1127 1182 1233 1241 tamen

109 1262 328 1343 coquoscimus
350 1284 420 1326 eum
442 1263 526 1327 inter
549 1262 617 1327 alia
638 1262 839 1345 potissimum
862 1263 1090 1328 controuersias
1118 1266 1155 1329 cle
1185 1267 1232 1329 cte·

76 1349 203 1414 sicimis
240 1372 312 1415 cum
347 1350 500 1433 episcopis
529 1350 784 1416 Halberstatensi
820 1358 849 1415 et
878 1351 1078 1431 Moqontiuis
1107 1353 1233 1417 liabitas

109 1444 274 1504 tractasse.
315 1439 394 1505 Cum
416 1441 457 1504 ab
479 1446 608 1504 exerente
630 1461 711 1505 saec.
727 1439 771 1502 X.
788 1460 875 1520 reqes
890 1439 952 1505 sibi
967 1442 1161 1505 succedentes
1179 1443 1232 1506 acl·

111 1527 277 1607 notaverit,
296 1549 403 1592 earum
418 1527 553 1606 feliciter
568 1528 615 1592 sel
630 1528 711 1591 irrale
724 1534 812 1610 qesta
828 1549 983 1593 enarrare
998 1528 1109 1609 uoluit,
1126 1529 1232 1594 dicens

109 1636 143 1679 se
165 1616 354 1680 monasterii
368 1616 502 1680 niseniis
517 1616 673 1681 inclusum
688 1616 803 1679 irarum
819 1637 926 1680 rerum
942 1616 1048 1680 minus
1061 1638 1199 1698 qnorum
1209 1621 1230 1681 2.

112 1704 177 1768 Sea
198 1704 305 1769 riescio
327 1726 372 1769 an
395 1704 471 1770 baec
493 1704 563 1769 icleo
580 1704 781 1786 potissimum
797 1704 1058 1786 maere-ruriam,
1091 1708 1174 1787 quod
1199 1727 1232 1771 se

73 1814 99 1854 ιο
110 1792 205 1855 aliter
227 1793 345 1856 sentire
375 1795 412 1857 cle
441 1793 533 1857 rebus
554 1792 693 1875 publicis
719 1793 812 1857 sciret
834 1814 928 1874 quam
953 1793 1157 1875 Hartwiqum
1181 1796 1231 1858 ab·

110 1881 244 1961 batsm³,
276 1881 427 1946 Heinrici
450 1882 516 1945 IV.
548 1881 632 1962 reqis
661 1881 811 1959 amicum,
845 1881 896 1946 cni
926 1881 1009 1947 bunc
1039 1881 1154 1947 librum
1183 1884 1231 1947 cle·

110 1969 239 2033 dicarit.
280 1971 390 2051 Neque
412 1969 507 2034 etiam
530 1970 635 2048 facere
652 1969 765 2051 potuit,
790 1969 868 2051 quin
888 1969 1039 2034 Heinrici
1055 1970 1121 2033 IV.
1143 1977 1231 2053 qesta

111 2057 241 2121 anmino
271 2059 434 2138 omitteret,
472 2058 567 2121 immo
598 2079 636 2122 eu
666 2057 859 2122 brevissimis
889 2058 965 2123 libri
995 2059 1047 2121 Π.
1079 2059 1231 2141 excerptis

110 2146 231 2210 elucere
253 2147 378 2210 cicietur
400 2146 587 2228 surreptura
609 2147 666 2211 boc
689 2146 769 2211 libro
793 2149 830 2210 cle
853 2146 944 2229 requi
974 2146 1106 2228 neqotiis
1136 2168 1231 2229 quam

72 2236 148 2298 rode
172 2234 363 2299 nionasterio
392 2255 449 2299 sno
479 2235 630 2314 retulisse,
661 2236 841 2315 Arrnonem,
873 2235 962 2300 ciricis
985 2256 1097 2299 norrun
1120 2242 1231 2317 quater

112 2322 146 2386 in
163 2323 282 2405 paucis
305 2322 399 2388 lineis
422 2323 566 2403 occurrit,
591 2330 716 2388 strenue
738 2344 805 2388 rein
822 2323 984 2404 publicam
1002 2322 1229 2389 aclnrinistran·

109 2417 171 2475 tem
194 2412 373 2491 celebrasse,
397 2411 503 2476 verim
520 2418 623 2476 antem
639 2433 734 2492 quam
749 2412 785 2476 in
800 2411 985 2476 Annalibus
1007 2414 1044 2476 cie
1067 2412 1124 2477 boc
1146 2412 1230 2495 reqis

109 2506 211 2564 tectore
241 2500 384 2565 retulisse
393 2502 414 2581 ⁴,
446 2521 548 2582 reqem
577 2500 719 2564 irruenem
748 2500 883 2564 leuitatis
906 2506 934 2565 et
957 2499 1163 2582 tqrarmidis⁵
1184 2537 1229 2546 -

108 2589 207 2652 multo
230 2589 357 2670 quictem
384 2588 507 2654 cautius
530 2611 568 2654 ac
590 2588 693 2653 lenim
722 2609 817 2670 quam
846 2588 882 2652 in
905 2589 1090 2653 Annalibus
1112 2625 1156 2633 -
1179 2611 1228 2653 ar·

70 2676 228 2758 usquisse,
260 2698 447 2758 maqnopere
474 2677 623 2758 delinisse,
654 2679 738 2758 quoa
763 2697 820 2740 ren
847 2677 982 2741 Aunoni
1011 2677 1100 2758 requi
1121 2677 1228 2760 quber·

108 2766 228 2830 moun
258 2765 431 2847 eri'qnasset,
462 2772 497 2829 ut
525 2765 592 2829 ‘iam
621 2765 739 2830 allicere
768 2765 913 2829 ciclealur
936 2767 1141 2848 Lampertum
1163 2765 1228 2830 iam

107 2860 184 2918 tnnc
206 2856 316 2918 euclem
339 2856 376 2918 cle
398 2875 470 2936 reqe
492 2854 635 2934 sensisse,
659 2875 739 2934 qnae
755 2860 867 2935 pastea
882 2853 919 2918 ia
933 2855 1118 2919 Annalibus
1133 2876 1228 2919 eruun-

107 2942 214 3022 ciacit,
247 2964 344 3024 neque
367 2949 473 3007 tannen
495 2943 531 3007 in
555 2943 635 3007 libra
658 2941 828 3024 Hartmiqo
852 2943 958 3007 abbati
981 2942 1122 3008 (lecticula
1145 2943 1229 3009 bunc

107 3030 213 3094 animi
235 3036 352 3094 matrim
375 3033 534 3095 ostendere
557 3053 670 3095 ausum
693 3052 767 3095 esse.

68 3145 97 3183 so
218 3120 294 3182 Iam
305 3120 346 3183 F.
357 3119 474 3184 Stolle⁶
490 3126 518 3184 et
534 3120 610 3200 eqo⁷
626 3118 817 3183 ostendimus
832 3119 916 3184 lrunc
932 3119 1068 3185 libellum
1084 3142 1115 3183 a.
1132 3126 1226 3184 1074.

110 3276 137 3341 l)
154 3275 231 3338 Quod
248 3275 353 3341 quidm
371 3281 452 3327 sensa
471 3275 499 3328 S.
513 3275 628 3339 Hirsclr,
649 3274 756 3327 ‘Jabrb
775 3275 906 3326 Heinrich
925 3274 977 3328 ΙΙ]
996 3275 1023 3339 Ι,
1042 3293 1069 3341 p.
1082 3276 1144 3337 363,
1162 3292 1189 3329 n.
1201 3278 1227 3329 2.

109 3348 138 3410 2)
158 3345 241 3409 infra
262 3363 291 3412 p.
304 3347 366 3410 348,
387 3347 404 3399 l.
421 3347 520 3413 15sqq.
616 3347 644 3412 3)
662 3345 718 3396 Hoc
736 3345 794 3397 ideo
812 3346 885 3396 credi
900 3351 999 3412 posset,
1026 3345 1142 3410 quadiu
1161 3346 1227 3400 Ina.

110 3416 233 3469 Hermia.
254 3417 411 3468 Heinricum
429 3416 485 3470 III.
504 3419 690 3483 imperatorem
712 3418 825 3468 memneris
848 3415 972 3466 brudibrts
995 3416 1127 3482 extulerit,
1152 3418 1228 3468 cuius

108 3493 182 3552 qesta
204 3489 235 3538 in
254 3488 406 3539 Annalibus
429 3488 566 3549 infestiore
590 3490 681 3538 areima
703 3490 830 3538 narrarit
852 3493 875 3537 ct
899 3487 931 3537 de
955 3502 1007 3553 quo
1031 3487 1070 3538 ibi
1091 3486 1229 3539 acerbiora

71 3559 214 3609 &iudicia
233 3558 351 3624 protulit
369 3558 462 3621 (infra
478 3576 507 3625 p.
522 3561 577 3623 71),
603 3557 649 3608 sed
670 3573 703 3610 ne
726 3557 764 3608 ibi
786 3558 890 3624 quidem
914 3559 943 3608 in
963 3558 1006 3608 liis
1024 3564 1163 3619 onustans·
1191 3559 1227 3622 af.

107 3646 136 3696 p.
151 3631 211 3693 135,
232 3629 250 3682 l.
264 3631 307 3683 34.
360 3632 388 3694 4)
408 3628 451 3693 Cf.
465 3629 556 3694 Meqcr
573 3646 595 3682 v.
606 3629 734 3694 Knonau,
756 3628 863 3682 ‘Jahrb
876 3629 1008 3680 Heinrich
1020 3629 1082 3683 JV!
1095 3629 1118 3694 l,
1129 3631 1226 3695 pesti,

110 3702 213 3754 n.100.
304 3699 331 3766 5)
355 3700 453 3767 Nempe
476 3699 589 3750 nmium
613 3716 672 3750 eum
697 3702 808 3751 evasisse
832 3700 904 3750 amn
929 3699 1045 3751 Roboam
1070 3702 1154 3766 reqis,
1181 3702 1231 3766 qui

110 3770 301 3821 adolesoentum
325 3770 435 3821 cornilio
460 3786 526 3821 rrum
552 3772 645 3835 iuqnm
662 3773 774 3836 qraoins
793 3787 873 3836 quarn
890 3776 968 3838 pater
987 3771 1114 3822 Salomon
1130 3771 1228 3839 populo

110 3843 246 3908 imponere
264 3842 383 3893 minatus
399 3843 435 3893 sir
453 3841 565 3907 (3.Iteq.
581 3844 635 3906 12).
673 3842 793 3893 &nieme
808 3857 898 3908 posses
916 3841 1090 3908 Larrqrerium
1108 3844 1164 3892 iam
1182 3841 1229 3892 boc

73 3912 165 3963 solaco
182 3913 264 3977 quasi
280 3912 375 3962 occulte
392 3911 477 3962 dicere
495 3912 614 3974 coluisse,
635 3912 706 3978 quoa
724 3913 795 3964 Anu.
813 3930 841 3978 p.
856 3914 897 3965 71.
917 3912 997 3977 dixit,
1018 3914 1096 3963 etiam
1116 3912 1228 3964 Heinri-

109 3998 169 4032 cum
182 3982 237 4034 ΙΙΙ.
252 3988 281 4032 nt
294 3982 459 4033 Salomonem
476 3998 557 4048 qrarc
575 3985 668 4049 inqunr
683 3983 855 4048 principibus
872 3985 1036 4049 imposuisse.
1098 3985 1124 4048 s)
1146 3983 1226 4037 ‘Hist

110 4052 263 4104 Jalirbuclr'
275 4052 361 4119 XIII,
378 4071 406 4120 p.
416 4055 568 4108 441—446.
607 4054 680 4117 quae
697 4054 766 4105 mem
782 4071 811 4120 p.
820 4055 873 4108 446
885 4070 924 4120 sq.
937 4054 1036 4117 attulit
1054 4060 1085 4104 ut
1099 4054 1228 4119 probaret

109 4123 164 4175 laco
180 4138 258 4191 saepe
275 4127 355 4175 citato
373 4122 410 4192 (p.
423 4126 485 4188 354,
505 4124 522 4178 l.
535 4127 561 4178 4.
593 4121 675 4175 cuius
698 4123 807 4176 laudem
826 4128 883 4189 eto.)
901 4125 1049 4188 Annonem,
1070 4139 1124 4176 non
1142 4125 1228 4176 Hart-

108 4197 209 4259 un'qum
227 4195 326 4245 dicium
345 4211 405 4259 esse,
432 4195 535 4245 nullius
553 4197 684 4259 muniunt,
709 4197 788 4245 immo
811 4211 953 4262 perperam
978 4196 1049 4245 clieta
1071 4201 1142 4259 sicut,
1169 4210 1227 4244 curn

71 4278 164 4316 sinon
192 4266 411 4317 animadverterit
439 4266 482 4317 ln's
506 4266 592 4316 ambis
619 4266 778 4317 marineium
803 4265 1044 4317 Harnerslebcnsem
1073 4267 1227 4316 surtuitiarn

108 4336 258 4403 lamperti,
277 4352 331 4387 nan
350 4338 445 4404 ipsius,
465 4336 619 4391 raldidisse.
693 4337 721 4404 7)
741 4337 785 4390 ‘N.
798 4336 908 4388 Archio'
927 4335 1009 4400 XIX,
1027 4355 1054 4404 p.
1068 4338 1119 4390 377
1132 4352 1170 4402 sq.

967 4438 1015 4494 ΠΙ
