2842 5026
526 553 746 610 PRAEFATIO
766 555 796 609 G.
816 556 866 612 IV.
1160 556 1262 611 XLIII

119 736 313 818 permeaw,
340 736 430 800 illam
447 743 573 818 partem
596 737 789 818 assumtionis
808 737 855 801 ita
870 738 1025 818 tractauit,
1049 744 1084 802 ut
1098 746 1251 821 appareat

124 846 197 888 eccm
228 824 320 888 illam
350 825 657 890 animadversionem
687 847 752 890 non
782 826 856 890 bene
880 827 1068 909 percepisse,
1104 827 1251 908 opinatus

125 913 197 977 ideo
220 936 241 976 a
266 914 439 995 Lamperto
460 914 564 978 relato
586 913 746 979 reiciendo
773 936 847 994 esse,
877 917 960 995 qicod
981 915 1010 978 is
1033 916 1152 980 duobus
1175 916 1251 981 loeis

124 1002 244 1066 eisdem
273 1002 343 1081 sere
371 1001 475 1066 verme
503 1023 580 1066 iesus
608 1002 679 1084 siti,
710 1002 823 1084 oucibus
852 1006 960 1068 eodem
987 1004 1054 1083 fere
1081 1005 1250 1084 referenda

99 1090 269 1171 elaboret,
300 1097 330 1155 el
358 1092 443 1172 qnod
471 1111 700 1172 nonnunquam
730 1090 934 1172 antiquorum
963 1098 1126 1157 nudorum
1155 1092 1248 1171 dicta,

125 1179 167 1241 ab
190 1178 269 1243 aliis
291 1180 401 1259 ollam,
425 1179 627 1261 usurpaverit
635 1181 657 1243 ³.
697 1179 776 1245 (bem
793 1179 938 1261 plurima
961 1187 1132 1245 commenta
1155 1182 1250 1245 Lom-

119 1267 209 1348 perii
239 1269 280 1332 ab
310 1267 387 1333 aliis
414 1268 607 1349 deprebensa
637 1274 746 1349 essent,
777 1268 830 1332 ille
857 1268 933 1334 baec
960 1291 981 1332 a
1004 1270 1174 1350 Lamperto
1196 1271 1249 1335 ad·

127 1356 259 1420 inueuta
287 1377 362 1436 esse,
392 1358 477 1438 quod
497 1356 658 1421 Decumo
681 1356 815 1436 diderat,
844 1378 909 1420 non
932 1358 1089 1437 concessit,
1120 1360 1175 1422 sed
1201 1379 1249 1422 eic-

120 1444 232 1525 posuit
266 1445 343 1510 baec
376 1451 536 1509 auctorem
569 1445 651 1509 mate
685 1451 841 1526 comperta
875 1445 1034 1525 habuisse,
1069 1446 1139 1511 ideo
1174 1447 1250 1511 baec

89 1557 117 1594 ιο
129 1533 291 1597 ‘deenenta
314 1532 429 1615 typica’
450 1568 496 1577 -
517 1532 560 1598 sit
581 1533 676 1598 uenio
697 1535 789 1597 uerbo
804 1569 849 1578 —
864 1534 1036 1615 scripsisse.
1084 1535 1251 1615 Numquid

128 1642 193 1685 non
216 1621 368 1686 numitor
389 1621 445 1703 qui
467 1643 547 1703 quae
569 1621 668 1687 nescit
689 1621 796 1686 multis
818 1622 921 1686 uerbis
943 1628 1083 1703 enarrat,
1115 1624 1182 1687 acsi
1212 1645 1249 1687 ea

127 1711 203 1774 bene
233 1717 390 1792 comperta
419 1711 557 1792 moeret,
595 1717 624 1775 et
653 1710 689 1775 in
717 1710 851 1775 diuersis
884 1710 1064 1776 commentis
1092 1711 1250 1776 similibus

126 1797 231 1862 uerbis
252 1799 377 1864 utitur?
421 1800 513 1864 Haec
535 1805 674 1864 eatrema
697 1799 912 1864 consummatio
935 1801 972 1863 de
995 1801 1058 1878 fide
1080 1801 1250 1881 Lamperlo

126 1889 238 1951 danda
262 1886 403 1951 omnium
427 1887 586 1952 leuissima
609 1894 662 1952 est.

89 2000 117 2038 u
236 1976 382 2056 Longum
415 1983 460 2041 est
492 1997 598 2040 annes
627 1996 812 2041 enumerare
841 1983 1037 2041 accinatoms
1071 1984 1099 2041 et
1133 1984 1249 2041 tutores

127 2063 295 2145 Lamperti
303 2066 326 2127 ⁴.
374 2064 412 2130 Si
434 2064 512 2145 lepis
535 2064 640 2143 libros,
665 2085 742 2146 quos
764 2065 806 2128 Ε.
824 2064 1005 2143 Steindorff
1022 2071 1050 2128 et
1078 2065 1117 2130 G.
1135 2066 1249 2146 Meyer

125 2155 166 2216 de
190 2153 336 2217 Knonau
365 2155 403 2217 de
432 2153 524 2217 rebus
550 2152 646 2235 pestis
676 2152 827 2218 Heinriu
850 2155 925 2217 ΙΙΙ.
955 2160 984 2217 et
1006 2154 1157 2219 Heinrici
1180 2155 1247 2219 IV.

126 2238 204 2317 (eol.
221 2243 251 2305 Ι.
269 2243 502 2324 1056-1069)
520 2248 765 2322 composuerunt,
782 2241 879 2321 facile
894 2243 1111 2322 deprehendes,
1128 2249 1249 2323 quanto

124 2336 156 2393 et
178 2349 274 2411 queam
297 2330 385 2409 falsa
408 2331 474 2393 iam
497 2330 533 2393 in
555 2329 728 2394 annalibus
755 2335 994 2393 1040—1069.
1019 2331 1169 2409 retulerit,
1194 2333 1250 2395 sed

85 2418 167 2483 mab
203 2419 261 2483 boc
294 2420 418 2483 demum
453 2439 540 2482 anno
568 2418 769 2499 potissimum
803 2418 887 2481 iram
921 2425 950 2482 et
983 2425 1155 2483 conitueuta
1187 2441 1248 2484 sua

123 2506 249 2584 efflicte.
296 2507 443 2571 Breciier
466 2507 578 2587 dicam,
610 2507 688 2588 quid
709 2507 769 2572 bac
792 2509 829 2571 de
852 2529 886 2571 re
912 2507 1055 2587 sentiam,
1087 2529 1156 2572 cum
1180 2507 1247 2571 ulio

128 2752 155 2816 1)
172 2752 302 2818 Repetioit
317 2751 473 2818 petuntque
489 2767 557 2817 quoe
575 2754 631 2817 ipse
648 2751 679 2803 de
696 2751 816 2816 fontibus
838 2759 861 2802 et
884 2752 947 2803 locis
971 2759 1085 2804 vetuncm
1107 2760 1247 2803 auctuum

126 2825 156 2872 in
181 2823 243 2874 Vita
261 2822 341 2873 Lictli
362 2824 480 2890 repetitis
504 2838 686 2888 exposueram,
711 2825 819 2873 minime
843 2826 983 2887 rationem,
1010 2840 1064 2889 qua
1087 2823 1248 2889 Lampertuc

126 2894 175 2944 boc
200 2909 267 2959 apin
293 2895 479 2961 composuerit,
504 2896 680 2960 perquisitam
703 2893 739 2943 od
761 2894 949 2945 diiudicandus
973 2895 1094 2945 Annales
1116 2894 1247 2948 adhibuit.

84 2966 155 3027 2⁶2)
172 2965 207 3016 Ε.
224 2981 268 3029 pr.
288 2966 353 3030 quia
372 2963 468 3030 Lamp.
488 2964 579 3015 iisdem
599 2965 685 3015 serbis
702 2965 792 3015 retulit
812 2970 834 3014 et
853 2967 979 3030 Apnetem
1004 2967 1199 3032 imperatricem
1225 2973 1248 3016 et

129 3036 293 3100 Greporium
315 3051 417 3103 papam
442 3035 475 3086 de
499 3036 668 3102 impudicitia
694 3036 767 3098 salso
792 3042 923 3102 suspicatae
948 3052 1012 3100 esse,
1047 3036 1249 3101 Duffmoacher

122 3123 153 3172 p.
167 3108 202 3161 95
215 3122 270 3173 sqq.
290 3106 388 3158 insulse
412 3106 537 3158 conclusit
561 3106 609 3157 boe
633 3121 755 3157 rumores
780 3122 833 3157 nan
858 3107 1013 3171 dimdpatoe,
1039 3107 1084 3158 sed
1105 3108 1192 3158 sotium
1217 3109 1247 3158 in

127 3179 288 3228 montanerio
313 3177 497 3240 Hersfeidensi
520 3184 627 3228 exortos
652 3194 713 3242 esse,
741 3179 872 3242 ianorans
897 3180 976 3228 etiam
1001 3178 1035 3228 ab
1060 3178 1123 3228 aliis
1148 3177 1247 3229 eosdem

127 3263 252 3300 rumores
268 3248 367 3299 relatae
384 3264 445 3309 eece,
470 3264 523 3298 non
547 3248 691 3315 explicans,
716 3249 782 3313 quid
805 3250 950 3300 innocuitec
967 3248 1108 3299 nconochos
1125 3249 1248 3310 IIerefet-

87 3320 220 3371 nouam
242 3321 359 3383 moverit,
385 3325 416 3369 ut
440 3319 507 3370 tales
531 3335 653 3371 memores
674 3319 865 3372 adinvenirent.
903 3320 995 3370 Etiam
1013 3321 1101 3384 mopis
1117 3319 1248 3384 stupenda

127 3406 160 3440 ae
184 3389 301 3440 ridicula
327 3392 356 3440 in
381 3389 431 3441 nae
455 3392 668 3441 commentatione
693 3390 825 3455 lepuntur,
851 3395 881 3440 ut
897 3409 924 3458 p.
939 3394 1032 3455 ossa,
1059 3391 1107 3439 ubi
1129 3392 1246 3456 exponit,

127 3461 194 3526 quid
213 3461 309 3543 lamp.
327 3461 413 3512 dicere
430 3462 541 3513 saltavit
558 3461 627 3544 dioto
649 3477 698 3545 per
716 3461 888 3514 calumniam.
933 3461 1056 3511 Pueriiia
1081 3462 1160 3511 etiam
1186 3468 1248 3545 sient

127 3531 606 3668 ututebt‘sstltlzlomt
625 3531 894 3656 mullus
912 3532 1249 3670 &pullulo

92 3673 283 3727 ceramicum
301 3673 443 3740 Lamperti
466 3673 625 3725 reiciendum
651 3690 704 3726 esee
728 3677 835 3738 censuit,
861 3674 932 3740 quod
957 3677 987 3724 in
1012 3691 1042 3725 ea
1066 3674 1141 3724 Liuii
1165 3674 1248 3725 locum

130 3746 252 3794 imitatus
269 3746 313 3798 cit.
386 3746 413 3810 4)
435 3745 467 3796 Ut
489 3745 540 3798 Tu.
552 3745 682 3809 Lindum,
703 3744 738 3798 H.
753 3745 872 3806 Mehmel,
892 3746 943 3798 Ad.
961 3745 1075 3810 Voyeler,
1097 3745 1125 3797 0.
1142 3744 1248 3807 Giund,

129 3815 163 3868 u.
189 3815 360 3880 Wapemann.
412 3816 486 3867 Inter
516 3821 615 3867 tutores
644 3816 785 3882 Lamperti
812 3818 971 3883 pmoeeerlim
1002 3815 1183 3866 nominandus
1212 3821 1248 3867 est

136 3885 175 3939 W.
194 3885 226 3937 de
246 3885 417 3949 Giesebrccbt,
443 3887 499 3952 qui,
526 3888 647 3953 quamuis
670 3889 825 3937 seutentiam
844 3887 972 3953 Leopoldi
988 3888 1019 3937 de
1038 3886 1131 3936 Raube
1149 3901 1249 3952 appro-

130 3957 212 4022 baret,
232 3958 303 4023 quod
320 3959 350 4008 in
365 3959 459 4022 prima
477 3958 590 4009 editione
608 3957 673 4008 libri
689 3960 735 4008 sui
751 3958 859 4008 dixerat
877 3958 979 4020 (DKZ.
997 3958 1052 4021 III,
1070 3975 1097 4024 p.
1113 3959 1202 4021 1003),
1223 3973 1249 4008 se

93 4027 164 4080 coab
185 4045 211 4081 o.
226 4029 303 4082 1069.
324 4027 498 4095 Lampntum
521 4031 682 4094 praesertim
706 4035 821 4079 secutum
846 4045 907 4090 esse,
930 4044 981 4093 per
1006 4043 1093 4078 omnes
1118 4035 1249 4093 emesenus

129 4099 255 4150 editiones
272 4099 355 4150 eben!
370 4102 492 4152 omoaoit.
536 4099 575 4152 W.
600 4099 777 4162 Wattenbaeb,
802 4101 851 4165 qui
874 4101 904 4150 in
929 4101 1023 4164 quinta
1048 4099 1160 4149 editimie
1185 4098 1250 4148 libri

129 4172 175 4221 eui
190 4170 353 4222 numum
369 4170 466 4234 (DGQ.
485 4169 525 4234 ΙΙ,
542 4187 571 4236 p.
585 4173 619 4225 95
632 4187 703 4237 olid
729 4171 764 4233 cf.
784 4173 864 4220 etiam
882 4172 939 4221 eius
956 4171 1194 4221 coriementatc'onuu
1219 4170 1249 4218 in

132 4241 212 4305 ‘qu
232 4240 360 4293 Deuteebe
384 4241 562 4308 Bioprapbie'
581 4241 677 4306 XVII,
695 4260 722 4308 p.
737 4243 838 4307 54tieq.
866 4246 888 4291 et
913 4240 1142 4292 ‘Geechicbtschr.'
1165 4240 1203 4292 ed.
1222 4242 1248 4293 2.

131 4311 239 4373 XLIII,
254 4328 284 4378 p.
297 4320 316 4356 V
326 4328 365 4378 sq.
385 4319 450 4359 1111
460 4315 529 4379 sqq.)
548 4313 728 4377 indutpentius
740 4313 771 4362 de
783 4313 926 4377 Lamputo
939 4312 1110 4375 iudicaverat,
1132 4313 1158 4361 in
1173 4315 1249 4362 senta

94 4382 242 4435 aditione
259 4399 322 4435 moa
343 4383 492 4449 proditura
517 4385 572 4433 iam
594 4384 680 4434 aticum
702 4386 857 4434 sententium
881 4385 955 4447 feret.
994 4383 1067 4433 Inter
1085 4388 1250 4432 amcceatmes

131 4452 272 4519 lampetii
288 4453 530 4518 oehnnentiseimoo,
550 4453 595 4505 ced
611 4456 701 4505 minus
717 4470 812 4520 aequae
824 4453 1003 4505 nominandus
1016 4459 1051 4505 est
1067 4454 1105 4506 W.
1118 4453 1247 4517 Manus,

132 4524 272 4576 ‘Heinrich
291 4525 340 4578 IV.
359 4541 387 4578 u.
407 4525 510 4590 Grepor
529 4525 601 4578 VH!
639 4526 747 4590 Danziq
766 4527 842 4579 1887.
