2842 5026
75 426 127 480 132
350 419 551 476 LAMPERTI
569 417 759 474 ANNALES.
795 419 831 473 A.
851 421 929 475 1071.

2 613 64 667 071.
73 605 298 670 infestissima
328 603 515 667 dissensio⁸
550 605 634 666 erat.
685 601 831 685 Propter
861 600 953 683 quod
983 621 1041 665 eos
1070 620 1133 665 rex
1165 601 1203 662 iu

2 695 250 759 carminarem
275 684 427 755 Miseneb
455 690 650 754 autumnali
679 689 858 773 tempore¹
887 693 1046 753 evocatos
1077 689 1205 753 durius

75 782 241 865 corripuit
265 784 309 849 et,
335 783 375 841 ut
399 780 560 903 deinceps
585 779 674 841 suis⁰
704 778 832 861 singuli
858 779 1017 841 terminis
1040 777 1204 842 contenti

74 874 189 935 essent
218 890 282 933 nec
306 889 341 931 se
364 868 513 932 uicissim
560 867 753 931 temerariis
778 867 1033 930 incursionibus
1058 866 1203 930 lacesse

74 963 161 1029 rent,
187 958 250 1021 sub
267 957 415 1020 obtentu
436 957 551 1039 regiae
575 956 765 1019 maiestatis
790 955 959 1039 precepit;
984 955 1140 1038 alioquin
1165 974 1230 1018 seo

75 1047 209 1110 hostem
241 1049 276 1109 et
305 1045 476 1108 vindicem
508 1048 711 1127 experturus
741 1044 849 1119 foret,
880 1044 939 1126 qui
972 1045 1065 1127 prior
1095 1043 1204 1106 alteri

74 1156 170 1199 arma
192 1134 377 1196 intulisset.

182 1222 303 1285 Anno¹⁸
326 1221 540 1285 Coloniensis
564 1220 852 1304 archiepiscopus,
877 1220 1027 1304 expulsis
1047 1223 1089 1286 de
1108 1222 1203 1285 Sale-

75 1305 163 1375 feltf
191 1311 373 1379 canonicis,
405 1310 510 1372 vitam
543 1308 615 1372 illic
643 1309 796 1371 instituit
820 1310 1054 1381 monasticam,
1086 1311 1204 1373 missis

75 1420 115 1464 eo
146 1401 188 1463 de
220 1399 386 1481 Sigeberg
419 1401 454 1461 et
487 1399 529 1461 de
560 1397 688 1461 Sancto
718 1397 954 1462 Pantaleone‘
987 1399 1241 1462 monaehis².10

76 1487 152 1566 Quo
183 1488 398 1570 intempore
429 1490 464 1549 et
494 1507 558 1569 ego
587 1485 672 1549 illuc
695 1487 775 1550 veni
798 1487 955 1550 conferre
980 1508 1057 1550 cum
1082 1488 1133 1552 eis
1158 1487 1202 1550 de

76 1577 196 1640 ordine
216 1568 271 1639 eth
292 1575 476 1658 disciplina
492 1574 743 1638 monasterialis
758 1575 860 1648 ritae,
886 1595 926 1639 eo
951 1570 1057 1658 'quod
1072 1596 1204 1658 magna
1214 1596 1248 1647 a.
1256 1599 1293 1641 ia

75 1665 244 1747 quaedam
268 1668 303 1728 et
326 1664 482 1746 preclara
505 1663 547 1726 de
570 1663 641 1725 illis
664 1663 760 1746 vulgi
784 1663 946 1746 opinione
972 1664 1201 1729 iactarentur.

75 1753 248 1835 Denique,
285 1752 375 1815 sicut
409 1751 513 1834 vulgo
552 1752 755 1815 assiduitate
788 1751 960 1816 vilescunt
994 1753 1128 1827 omnia,
1165 1755 1203 1816 et

75 1841 294 1924 popularium
325 1840 432 1903 animi
462 1860 628 1903 novarum
659 1860 773 1904 rerum
803 1840 896 1903 aridi
927 1841 1036 1923 magis
1064 1861 1239 1924 sempera

76 1932 218 2012 stupent
253 1930 297 1991 ad
327 1929 519 2011 incognita,
552 1949 627 2004 nos,
664 1948 749 2011 quos
779 1949 843 1991 usu
878 1933 1059 2005 noverant,
1096 1929 1203 1993 nihili

76 2018 293 2093 estimabant,
326 2020 361 2081 et
391 2017 463 2089 hos,
494 2017 576 2098 quia
605 2036 732 2079 novum
762 2017 1034 2100 inusitatumque
1067 2017 1203 2100 aliquid

76 2108 230 2189 preferre
253 2106 470 2177 ridebantur,
494 2125 565 2168 non
589 2105 754 2181 homines,
780 2105 840 2169 sed
863 2105 1014 2189 angelos,
1038 2127 1111 2170 non
1130 2127 1202 2170 car·

76 2215 164 2263 nem.
189 2195 249 2257 sed
273 2194 432 2276 spiritum
456 2193 725 2256 arbitrabantur.
765 2193 811 2256 Et
834 2194 919 2258 haec
943 2188 1075 2278 opinio¹
1109 2195 1203 2277 prin·

76 2283 190 2366 cipum
226 2303 328 2364 quam
363 2283 573 2365 privatorum
608 2276 805 2346 mentibusk
842 2282 947 2345 altius
981 2283 1204 2366 pressiusque
1214 2308 1241 2345 a

76 2371 260 2434 insederat.
307 2370 338 2432 A
362 2370 486 2452 quibus
516 2370 560 2433 ad
591 2370 758 2453 populum
782 2371 957 2434 derivatus
983 2392 1103 2435 rumor
1124 2375 1204 2436 tan·

76 2462 152 2522 tum
174 2459 316 2522 terroris
332 2458 504 2541 plerisque
527 2459 564 2521 in
587 2459 653 2522 hac
672 2459 813 2543 regione
829 2460 1045 2524 monasteriis
1067 2460 1202 2535 iniecit,

76 2551 117 2610 ut
147 2548 189 2610 ad
218 2547 408 2627 ingressum
432 2547 571 2610 illorum
595 2547 680 2610 alias
703 2547 815 2617 XXX,
847 2547 933 2610 alias
957 2548 1028 2624 XL,
1060 2548 1147 2612 alias
1174 2548 1204 2611 L

77 2635 238 2699 monaehi
262 2636 459 2698 austerioris
482 2636 574 2699 vitae
599 2639 695 2699 metu
718 2636 941 2699 scandalizati
964 2637 1007 2700 de
1031 2641 1203 2700 monaste-

76 2725 136 2786 riis
161 2724 385 2787 abscederent
408 2725 586 2807 saciusque
611 2725 778 2788 ducerent
802 2725 844 2788 de
868 2724 979 2788 salute
1003 2726 1138 2789 animae
1166 2726 1205 2788 in
1215 2751 1241 2788 ss

77 2813 193 2876 seculo
217 2812 406 2895 periclitari
422 2833 524 2894 quam
549 2806 668 2895 supral
692 2813 817 2875 virium
841 2833 979 2876 suarum
1003 2834 1205 2878 mensuram

6 2902 146 2975 ararim
181 2902 295 2964 facere
329 2921 435 2981 regno
471 2901 653 2964 caelorum.
701 2901 746 2963 Et
781 2922 899 2966 revera
933 2923 1002 2964 non
1037 2903 1204 2966 inmerito

7 3015 27 3059 a.
36 2988 247 3056 21.Dominus
272 3008 374 3072 super
397 2992 569 3052 nostrates
589 2990 774 3053 monachos
799 2986 1067 3073 ‘despectionem
1092 2992 1293 3068 edun-ara

78 3077 158 3142 dere
182 3077 407 3140 videbaturm.
454 3077 544 3140 Nam
574 3079 789 3160 quorundam
820 3079 1205 3161 pseudomonachorum

77 3166 213 3249 privata
241 3166 431 3247 ignominia
461 3186 585 3229 nomen
616 3166 862 3230 monachorum
896 3166 1119 3231 vehementer
1155 3169 1243 3233 iri-ao

77 3255 277 3329 famaverat,
309 3254 369 3335 qui
399 3255 544 3317 omisso¹¹
575 3254 690 3318 studio
721 3255 915 3317 divinarum
945 3276 1059 3319 rerum
1089 3260 1205 3319 totam

78 3363 217 3426 operam
242 3343 396 3426 pecuniis
416 3347 452 3407 et
471 3343 649 3425 questibus
672 3343 952 3407 insumebant⁰·³.
987 3343 1036 3407 Hi
1059 3365 1122 3427 pro
1147 3345 1206 3409 ab·

77 3431 181 3494 batiis
212 3434 248 3494 et
278 3431 533 3514 episcopatibus
563 3452 662 3495 aures
693 3432 887 3515 principum
917 3432 1114 3515 importune
1147 3433 1205 3497 ob·

77 3519 274 3582 tundebant
298 3523 333 3582 et
357 3519 400 3581 ad
425 3520 571 3583 honores
592 3520 840 3584 ecclesiasticos
863 3541 933 3583 non
948 3522 1005 3583 via
1020 3521 1204 3597 virtutum,

79 3611 120 3669 ut
144 3608 287 3670 maiores
311 3609 420 3670 nostri
444 3610 702 3682 consueverant,
734 3610 793 3672 sed
821 3629 882 3692 per
904 3609 1106 3673 ambicionis
1130 3631 1246 3694 pre-so

79 3796 102 3846 ι)
116 3796 220 3835 dissentio
235 3796 281 3838 Al.
344 3794 367 3844 b)
381 3797 474 3834 Miasena
489 3797 534 3839 Bt.
595 3797 724 3846 c)sulB1.
778 3795 802 3848 d)
816 3799 912 3837 {scissim
926 3799 984 3841 131⁸.
1048 3798 1069 3849 e)
1083 3800 1130 3839 Hoc
1146 3811 1206 3839 anno

80 3852 130 3899 A13
153 3851 217 3887 Auno
231 3849 307 3887 eodem
326 3848 384 3890 sib.
452 3850 470 3897 s)
489 3848 597 3889 salefeldt
616 3851 669 3900 323
691 3849 794 3890 saleveld
813 3853 846 3901 S.;
869 3851 955 3890 Salreit
974 3852 1036 3901 l'or.;
1058 3851 1160 3892 aaronem
1177 3855 1206 3896 11.

79 3903 103 3953 g)
122 3901 361 3944 Faunine-ouem).
377 3901 403 3943 N.
419 3901 468 3943 γαν.
536 3904 559 3951 h)
574 3904 601 3943 de
616 3905 665 3945 add.
681 3903 726 3945 132.
794 3904 810 3953 1)
825 3909 870 3943 tam
884 3906 935 3946 add.
950 3905 995 3947 Bt.
1063 3905 1143 3955 k)om.
1159 3906 1207 3949 ΒΞ.

80 3955 96 4005 Ι)
116 3966 183 4004 super
197 3954 256 3996 ΒΗ).
272 3954 322 3998 Var.
376 3956 407 4006 ιιι)
422 3955 534 3994 nitebatur
548 3956 608 3999 Bit.
662 3957 686 4007 n)
700 3957 796 3996 obmisso
810 3958 856 4000 Bt.
910 3962 932 4006 o)
947 3958 1087 3999 insumebant
1101 3960 1149 4000 132.

81 4097 107 4163 1)
127 4097 166 4148 De
184 4104 298 4163 ternpore
316 4097 373 4147 cide
387 4098 492 4161 Ii'r'b'un,
510 4096 648 4148 ‘Itinera'
657 4114 687 4163 p.
701 4100 743 4153 55.
772 4098 862 4150 Mense
874 4098 1021 4165 Septenos·
1037 4100 1085 4151 hoe
1100 4101 1204 4164 sudum
1214 4117 1244 4154 so

80 4184 132 4219 ease
150 4185 183 4218 ex
201 4184 229 4219 eo
253 4170 331 4218 etium
351 4175 472 4234 apparet,
494 4169 565 4234 quod
585 4170 628 4219 tic
649 4170 720 4219 locuta
734 4176 795 4236 post
814 4186 857 4221 res
875 4187 961 4221 masse
977 4173 1100 4236 depasto
1116 4178 1206 4237 pestes

80 4239 226 4301 collocutum,
252 4239 332 4301 infra
357 4241 421 4302 festi
438 4239 465 4292 S.
483 4240 622 4289 Micbmlia
647 4242 743 4291 mnaso
762 4241 836 4304 sautu
854 4243 898 4294 uit.
971 4244 999 4307 2)
1018 4242 1060 4304 Os.
1080 4242 1205 4293 metum

82 4311 205 4359 Aneonis
223 4309 315 4360 ᾱαῑαηι
337 4326 361 4363 u.
382 4313 458 4374 1071,
486 4310 514 4363 J.
535 4312 585 4363 Ad.
605 4327 627 4365 o.
646 4311 773 4375 sauna,
797 4311 1204 4377 ‘Sudraca-Cabury-Soulfeld.

79 4379 280 4444 Londcspesct!
299 4380 340 4445 ΙΙ,
360 4381 450 4434 ‘Urlu'
465 4397 494 4446 p.
510 4384 533 4444 1,
552 4397 596 4436 nr.
612 4385 635 4436 1.
714 4385 743 4449 3)
760 4381 803 4446 Cf.
823 4398 908 4450 raptu
924 4401 953 4450 p.
968 4386 1020 4438 128
1032 4400 1072 4449 sq.
