2842 5026
482 467 704 523 PRAEFATIO
723 467 753 523 O.
772 467 795 524 Ι.
814 467 853 524 Π.
1157 469 1228 524 XIX

105 671 147 712 cn
171 651 259 729 quod
279 671 338 715 rea
361 657 390 714 et
405 651 504 714 Anno
526 649 787 730 archiemscopiis,
813 671 902 731 quem
920 657 1030 714 nudor
1053 657 1158 715 noster
1181 652 1228 716 in·

104 737 177 801 etna
201 737 307 820 coluit,
332 739 417 803 inter
437 760 471 803 se
494 738 683 802 dissiderent
705 759 743 803 ae
760 738 986 818 discordarent,
1011 761 1056 803 an
1071 742 1154 820 quod
1170 761 1228 821 pa·

106 831 207 890 mutes
231 826 301 890 eius
328 827 412 891 inter
435 826 637 891 adcersarias
659 826 744 908 regis
766 832 881 905 essent,
911 848 980 891 oum
1003 827 1228 892 dissentiebat

104 936 141 978 ac
169 914 339 980 rebellibus
364 914 567 997 pnunffms
595 915 746 979 studebat.
793 915 907 995 Itaque
935 914 965 979 is
993 915 1048 996 aui
1075 938 1106 979 a.
1131 922 1225 980 1074.

83 1001 231 1066 sctiaerat
245 1024 355 1102 aequm
370 1024 422 1069 res
435 1009 539 1085 aestas
553 1003 688 1068 scribere
703 1024 735 1067 se
751 1003 833 1067 nolte
849 1025 904 1068 nec
916 1024 1018 1085 posse,
1036 1025 1106 1069 crim
1121 1026 1227 1069 moria·

102 1090 193 1154 sterii
223 1092 359 1156 moeniis
387 1092 530 1157 inclusus
558 1113 623 1156 non
649 1091 729 1155 satis
753 1111 877 1173 ananus
905 1091 947 1155 sit
935 1093 1091 1156 titanum
1120 1113 1173 1156 rer
1173 1114 1226 1158 nm

102 1179 327 1261 nominumque
348 1180 404 1261 qui
426 1180 463 1244 in
486 1200 520 1244 re
534 1179 665 1262 mettica
687 1201 822 1261 riraonas
844 1187 954 1262 portes
982 1183 1129 1331 aychant,
1153 1188 1227 1263 post

103 1267 284 1346 liudolfum
305 1290 409 1350 recem
431 1269 506 1334 elect
493 1276 559 1333 tum
581 1288 732 1350 maenum
747 1289 825 1349 apris
835 1268 1018 1367 ,composuit
1043 1290 1103 1349 ocio
1117 1290 1226 1350 reatem

96 1356 273 1438 praecipue
294 1364 382 1439 aesta
405 1356 579 1436 marracit,
611 1357 668 1421 icoc
690 1356 752 1421 sibi
769 1356 971 1437 potissimum
988 1357 1160 1456 proposito,
1191 1364 1226 1422 ut

69 1447 278 1509 reostenderet
308 1445 499 1510 Heinricnm
531 1466 634 1527 reyem
669 1445 749 1508 insto
779 1444 850 1509 iure
884 1466 922 1510 ac
955 1445 1065 1509 merito
1093 1452 1226 1527 mopter

100 1533 223 1597 sceicra
240 1556 280 1598 ac
294 1534 424 1614 siaoitia
439 1533 515 1614 eius,
533 1540 667 1615 propter
684 1533 899 1598 crudelitatem
918 1555 956 1598 ac
977 1554 1044 1597 rem
1061 1534 1225 1615 mibiicam

101 1621 185 1685 orate
200 1622 462 1686 administratam
480 1642 576 1702 renna
594 1621 767 1702 priuatum,
793 1621 907 1701 mitono
925 1621 994 1685 iure
1017 1627 1045 1686 et
1068 1643 1225 1703 exaequo

100 1709 283 1789 liudolfum
306 1732 408 1791 reoem
431 1710 558 1775 electum
573 1731 648 1774 esse.
683 1710 735 1774 De
750 1709 807 1775 icoo
823 1710 1019 1774 celeber-rimo
1035 1711 1115 1774 libro
1131 1711 1225 1790 infra

101 1797 168 1860 iam
185 1800 288 1880 ptura
311 1799 425 1864 (ticam.

63 1912 89 1951 a
210 1887 415 1968 Iyrioramus,
440 1907 516 1951 num
532 1887 721 1968 Laumertns
736 1887 820 1951 irrina
840 1886 955 1951 tibrum
979 1886 1045 1968 ipse
1068 1887 1103 1950 in
1120 1887 1223 1968 mioti-

99 1997 169 2038 cum
199 1976 348 2055 emiserit,
375 1982 483 2040 utrum
506 1995 540 2039 ea
563 1975 654 2056 edito,
683 1996 743 2056 quo
766 1976 863 2039 abbas
886 1981 914 2038 et
937 1974 1057 2053 fratres
1080 1976 1222 2053 Herssei·

98 2065 212 2128 (dereses
241 2065 349 2145 utique
378 2063 492 2142 offensi
521 2069 635 2144 essent,
666 2063 703 2126 in
725 2063 783 2127 icoc
812 2063 1002 2127 monasterio
1026 2064 1221 2143 remanserit,

97 2174 144 2214 aa
168 2152 283 2217 eiectus
306 2152 380 2232 sitl,
411 2159 518 2216 utrum
541 2151 627 2216 breed
650 2158 724 2232 post
753 2159 881 2215 mortem
911 2151 1030 2231 obierit,
1063 2173 1108 2215 an
1131 2153 1222 2233 tanao

97 2246 236 2321 tempore
265 2246 422 2322 seperstes
449 2240 557 2320 suerit.
605 2241 706 2304 Nemo
729 2240 918 2321 scriptorum
946 2239 1043 2304 medii
1066 2240 1136 2303 aeci
1158 2240 1223 2304 ciri

60 2335 164 2394 iotam
188 2329 337 2411 inmanis,
361 2336 427 2392 tanc
450 2328 610 2409 conspicui
632 2349 773 2409 tenueram
795 2328 983 2392 mentionem
1005 2328 1089 2407 fecit.

445 2487 498 2551 ΙΙ.
544 2487 602 2551 De
633 2486 726 2551 Vita
755 2486 881 2551 Latii.

215 2612 321 2676 Vitam
344 2611 435 2676 Indii
446 2614 459 2651 ²
480 2610 708 2692 arctimnscmoi
731 2610 1011 2693 Moyontiacensis,
1036 2611 1221 2690 fundatoris

95 2700 286 2765 aconasterii
309 2699 556 2779 Hersseidensis,
581 2722 602 2762 a
623 2699 793 2780 Lammcrto
817 2699 1017 2780 conrpositam
1040 2721 1113 2780 esse,
1138 2701 1221 2780 quod

96 2810 187 2852 anno
214 2793 308 2852 1883.
333 2787 545 2853 demonstravi
575 2789 610 2851 in
642 2786 697 2851 ‘N.
721 2787 852 2851 Arcirio'
876 2788 949 2867 IX,
972 2810 1007 2868 p.
1033 2793 1218 2868 285-320,

57 2877 165 2944 osiam
188 2898 296 2942 omnes
319 2877 374 2958 aui
396 2898 497 2958 nicper
520 2878 557 2939 de
577 2876 747 2956 Lamperto
769 2876 964 2956 scripserant
987 2876 1218 2941 consentiuntss.

100 2967 194 3046 Quod
222 2965 312 3030 intra
342 2964 526 3029 decennium
556 2987 586 3027 a.
615 2969 847 3028 1063-1073.
878 2964 999 3043 saetam
1027 2986 1092 3028 esse
1119 2986 1158 3028 ea
1185 2987 1219 3029 eo

94 3060 241 3134 ejuraret,
266 3056 350 3135 quod
363 3054 554 3134 Lampertus
573 3052 640 3116 iam
659 3053 788 3118 Otidoni
803 3052 918 3116 tibrum
934 3055 971 3117 de
986 3052 1052 3117 uita
1070 3053 1103 3117 S.
1120 3053 1218 3117 Boni-

92 3141 175 3220 satii
199 3141 284 3206 inter
306 3165 336 3205 a.
357 3147 451 3206 1062.
475 3148 504 3205 et
530 3147 624 3204 1066.
649 3141 858 3293 conscriptam
881 3143 925 3205 ad
946 3162 1016 3205 eam
1039 3162 1218 3221 componen-

93 3232 173 3293 dam
197 3230 429 3296 adhibueritet
416 3230 487 3295 tin
503 3229 605 3294 libello
621 3229 687 3293 de
674 3235 765 3293 instit
764 3229 870 3293 utione
886 3228 1112 3293 Heraeidensis
1130 3229 1218 3294 eccle-

53 3455 83 3494 ιο
95 3444 124 3504 l)
143 3440 220 3502 Quot
237 3441 343 3506 quidem
361 3440 435 3490 credi
448 3446 552 3505 posset,
570 3441 604 3503 of.
625 3439 670 3490 ίΝ.
690 3437 801 3489 Archio’
819 3438 899 3502 XIX,
916 3456 944 3504 p.
960 3440 1018 3492 169.
1098 3440 1126 3503 2)
1147 3437 1218 3488 Reti-

93 3513 208 3561 nuimua
226 3511 296 3562 hauc
307 3512 424 3575 formam
442 3526 460 3560 a
473 3510 616 3576 Lamperto
634 3515 794 3576 usurpatam
813 3514 835 3559 et
855 3511 908 3559 iam
926 3510 1139 3573 usitatissimam,
1159 3524 1218 3558 cum

93 3584 126 3631 in
146 3583 266 3647 epistolis
283 3587 307 3632 ct
324 3582 388 3633 aliis
414 3582 590 3632 monumentis
614 3582 707 3630 uariae
725 3581 830 3643 formae
853 3586 1012 3630 occurrant:
1037 3577 1103 3642 Lul,
1128 3577 1217 3644 Lulla,

94 3651 190 3714 Lullo,
215 3651 320 3718 Lallus,
344 3650 437 3717 Lulus,
463 3649 605 3704 Lullonus.
685 3650 712 3716 3)
734 3650 864 3700 Mabiiiou
881 3650 991 3701 codicem
1012 3650 1216 3701 Gcmhlonnscm

94 3729 206 3786 stactus,
233 3725 262 3774 in
281 3739 331 3788 quo
355 3723 417 3773 Vita
436 3722 463 3775 S.
485 3722 560 3772 Lutii
578 3722 734 3773 datmcncata
759 3727 782 3772 et
805 3721 922 3771 tn'eoiatc
945 3720 1135 3782 continebatur,
1160 3737 1217 3770 eam

55 3797 127 3844 zoin
148 3794 330 3845 Gmnbicocnsi
353 3795 514 3845 monasterio
539 3795 666 3858 scriptam
690 3794 826 3857 opinatus,
853 3792 1017 3855 Stasimum
1042 3792 1218 3855 historicora·

90 3865 182 3930 pisum
200 3867 258 3916 cius
274 3872 408 3916 auctorem
425 3880 478 3916 csse
495 3865 646 3930 suspicatus
664 3869 709 3928 ost,
730 3865 797 3913 Acta
816 3862 864 3914 SS.
884 3862 980 3914 Bencd.
999 3862 1053 3928 III,
1068 3865 1094 3925 2,
1112 3879 1141 3927 p.
1155 3864 1216 3917 392.

94 3938 169 3996 400,·
193 3936 264 4002 quod
282 3936 313 3989 P.
334 3936 356 3990 1.
375 3951 427 3986 nau
445 3935 539 3999 Hocicc,
560 3934 627 3984 Acta
645 3934 692 3986 SS.
714 3933 766 3985 Oct.
784 3932 846 3997 VII,
865 3950 892 3999 p.
907 3936 984 3995 1051,
1003 3933 1133 3995 refellens,
1152 3938 1218 3984 recte

95 4009 203 4058 conruit
223 4013 355 4058 armornm
372 4006 458 4070 fuisse
482 4005 640 4056 monachum
658 4003 890 4067 Hersfclotmscm,·
914 4004 996 4070 quod,
1024 4005 1049 4054 si
1067 4004 1155 4053 Vitam
1174 4006 1217 4053 in-

96 4083 201 4142 moram
226 4077 374 4142 habuimt,
404 4078 459 4127 iam
483 4078 626 4126 certissime
647 4073 764 4140 probare
786 4076 920 4140 potuisset.
958 4075 1031 4124 Nam
1057 4075 1086 4124 in
1110 4075 1217 4139 iuteyra

58 4167 87 4206 ω
101 4149 164 4199 Vita
183 4154 278 4201 auctor
295 4165 355 4199 ctum
372 4147 509 4198 adustum
535 4149 565 4197 in
583 4161 603 4199 c.
619 4148 659 4200 19.
679 4146 845 4210 apertissime
864 4144 1061 4207 Hersfcldensis
1079 4152 1217 4196 conuentus

96 4219 243 4270 munorum
268 4234 295 4270 cc
316 4218 409 4285 prodit
434 4217 478 4269 iris
502 4217 604 4268 ambis:
629 4214 719 4267 Huius
744 4214 881 4283 privilegii
899 4218 928 4283 (a
948 4215 1050 4266 Karoia
1069 4215 1106 4268 Μ.
1126 4231 1217 4267 mona·

95 4291 178 4341 sterio
196 4289 384 4353 Hersfeidcnsi
400 4290 471 4354 doti)
496 4303 560 4340 nos
584 4286 667 4338 modo
686 4301 776 4338 cassos
795 4287 901 4337 tantum
921 4285 1010 4352 apices
1029 4289 1153 4337 tenemus
1172 4292 1215 4338 eto.

98 4390 131 4397 —
152 4360 257 4413 mama
275 4359 468 4412 Gnnblaccnsis
485 4359 673 4425 ammonitum
691 4373 761 4408 nnnc
778 4363 865 4409 uastat
883 4356 1002 4408 Parisiis
1020 4359 1090 4408 inter
1108 4357 1217 4408 schedas

99 4431 311 4484 Mabiilouiauas
327 4447 372 4484 nr.
384 4433 436 4485 226
456 4428 569 4499 (Batou
588 4429 627 4481 St.
642 4428 802 4493 Germam),·
819 4429 854 4491 cf.
873 4427 996 4478 ‘Archia'
1014 4427 1094 4492 VIII,
1111 4444 1140 4493 p.
1154 4430 1215 4481 321.

954 4531 1001 4584 11*
