2842 5026
151 492 251 548 xxvl
548 491 769 548 PRAEFATIO
789 492 818 550 0.
830 492 870 550 IL

151 672 358 759 terissemit).
404 676 534 740 Rerum
561 677 647 741 fides
674 677 891 760 potissimum
915 677 1010 760 apud
1032 675 1112 740 illes
1136 671 1231 755 erittt
1243 670 1273 756 1).

151 763 279 828 Mirum
301 784 397 845 aream
420 762 541 843 callide,
565 784 661 844 auam
683 766 835 829 audacter
856 764 914 828 tiae
936 762 1054 829 diotimo
1076 763 1139 827 sit!
1179 763 1275 828 Nitai

151 874 183 917 se
206 852 347 917 emisisse
367 851 449 916 diait
471 872 587 932 eornm,
611 872 692 932 anae
714 851 765 917 iiii
786 852 954 933 scriptores
977 854 1014 916 de
1039 852 1073 917 S.
1090 852 1188 916 Lutto
1210 858 1274 915 tra

152 940 300 1005 diderint.
354 941 426 1006 Hae
454 961 563 1004 earet-m
591 942 827 1021 quodammodo.
882 941 946 1005 Sed
974 961 1040 1005 nen
1069 939 1139 1004 sine
1169 939 1274 1005 nimia

151 1029 348 1112 inueudentia
370 1030 466 1108 fidem
487 1049 595 1093 eorum
617 1048 697 1109 quae
719 1028 785 1110 ipse
807 1030 900 1094 abae
922 1050 961 1094 aa
983 1030 1108 1093 verbose
1123 1028 1297 1093 narrando

152 1117 218 1182 iltis
251 1119 372 1197 referre
400 1116 514 1199 potuit.
578 1116 782 1182 Paucissima
816 1138 854 1181 aa
887 1116 1074 1182 tenuissima
1113 1138 1153 1181 en
1191 1115 1274 1182 Vitis

154 1207 187 1272 S.
203 1205 370 1286 Bonifatii
392 1212 421 1271 et
443 1206 566 1270 Leebee
589 1207 627 1269 de
649 1211 721 1270 ortu
743 1211 772 1269 et
794 1204 952 1269 inventute
975 1204 1074 1286 Ludi,
1106 1207 1144 1270 de
1174 1225 1209 1270 eo
1236 1204 1274 1269 in

157 1294 366 1360 Germaniam
389 1295 542 1376 prefecto,
573 1293 713 1375 episeopo
737 1293 884 1357 ordinate
907 1293 1026 1359 discere
1048 1293 1161 1375 potuit,
1194 1299 1273 1357 atta

152 1404 223 1448 men
246 1383 312 1466 ipse
335 1382 470 1464 teneam,
497 1381 698 1461 uberrimam,
722 1382 893 1462 eleuantem
915 1381 1134 1446 narrationem
1157 1382 1273 1446 harum

152 1493 260 1536 rerum
283 1470 452 1552 composuit
475 1466 517 1548 (e.
537 1473 649 1553 1—7),
673 1469 782 1534 oni-nia
803 1470 872 1549 fere
888 1476 1019 1552 praeter
1036 1491 1210 1552 peneum,
1235 1491 1310 1535 ease

146 1559 337 1641 praesertim
367 1558 484 1639 onznia,
515 1580 595 1640 quae
624 1558 660 1623 in
689 1559 815 1623 laudem
841 1558 932 1623 Lulli
961 1557 1052 1640 dixit,
1083 1565 1275 1624 reuomentes

151 1648 200 1712 oet
226 1653 387 1712 nuduatns
413 1668 452 1712 ee
476 1646 611 1729 Salan'eii
635 1646 743 1712 Seueri
767 1646 841 1710 Vita
863 1646 1007 1711 Martini
1030 1647 1165 1727 aliisque
1192 1646 1275 1712 Vitis

152 1742 343 1800 sanatorum.
390 1735 494 1800 Perre
519 1732 560 1812 (o.
577 1738 715 1818 8-10)
740 1741 928 1800 seminemus
954 1736 1019 1799 est¹
1042 1741 1108 1799 tem
1130 1735 1273 1814 familie·

153 1824 278 1889 rissirue
302 1823 476 1906 Frentinum
497 1844 601 1906 reeens
629 1845 722 1889 usum
751 1845 816 1888 esse
845 1823 988 1889 canaitis
1010 1824 1109 1903 Latii,
1140 1830 1176 1889 ut
1205 1823 1275 1889 eius

153 1920 233 1978 nutu
262 1918 374 1978 arenata
403 1911 528 1994 neaetie
557 1912 649 1995 reoni
679 1911 928 1994 disponerentur,
957 1914 1041 1993 estod
1061 1912 1310 1991 falsissimama

153 2023 218 2067 esse
242 2022 306 2065 non
329 2000 532 2082 iane-ramus,
554 1999 761 2080 Bonifatium
783 2000 849 2064 iarn
872 2022 894 2064 a
912 2000 1106 2066 Frisonibus
1129 2007 1275 2066 necatum

154 2090 189 2154 in
211 2110 319 2154 senine
336 2089 430 2153 Lutto
445 2095 649 2171 annmrentem
667 2110 737 2154 erim
751 2088 918 2170 rnerinisse,
941 2096 976 2153 ut
992 2110 1104 2171 corneis
1120 2089 1223 2170 indiis
1237 2089 1275 2154 in

154 2177 379 2243 nienasterium
395 2178 556 2242 Fiddense
575 2178 775 2258 transferret,
799 2178 930 2242 Latium
951 2177 1056 2259 instem
1070 2176 1107 2242 in
1123 2177 1275 2242 Fresiam

147 2268 326 2349 profestum
349 2288 422 2347 esse,
447 2272 482 2331 nt
503 2266 561 2331 tuoe
583 2265 705 2331 iussum
721 2268 896 2348 perdonet,
922 2287 992 2330 eum
1013 2272 1156 2331 austeres
1178 2267 1274 2330 Lam·

147 2355 234 2437 perti
250 2354 415 2419 retulerint
429 2355 560 2419 Lidlum
575 2353 658 2419 aiios
679 2375 713 2419 eo
736 2354 859 2419 misisse
881 2357 926 2418 ad
947 2355 1004 2419 troo
1020 2357 1311 2437 perayenaunuu

158 2445 245 2526 Quoue
275 2445 312 2507 de
341 2443 551 2508 transtatione
575 2444 608 2508 S.
625 2442 790 2522 Bonifatii
818 2440 860 2519 (t.
880 2450 930 2507 ll.
951 2446 1006 2526 12)
1038 2443 1188 2508 narrauit
1218 2450 1276 2507 eut

154 2531 321 2612 coniunxit,
353 2531 497 2613 auannis
526 2539 669 2597 auctores
698 2531 766 2596 eius
795 2531 959 2596 centraria
989 2532 1181 2613 retulissent,
1218 2538 1277 2597 ant

153 2642 233 2702 ariae
263 2641 302 2684 ea
331 2641 438 2685 ear-nm
468 2619 621 2684 relatione
650 2620 820 2703 assumpsit
849 2620 885 2684 in
916 2620 1041 2685 taudem
1070 2642 1108 2685 aa
1135 2620 1276 2702 eton'am

154 2709 244 2774 Lau-17
274 2708 373 2773 rertit.
429 2708 555 2773 Detoi-no
584 2708 651 2772 iam
677 2715 713 2774 ut
741 2715 906 2790 exponeret
933 2729 1013 2790 quiae
1035 2708 1119 2773 iuter
1143 2709 1275 2773 Latium

154 2804 183 2862 et
205 2797 373 2863 interioritas
396 2797 573 2862 Fuldenses
595 2803 667 2862 aeta
694 2797 759 2862 sint
788 2794 987 2880 (c.13.14),
1020 2797 1126 2861 Vitam
1151 2797 1310 2863 Sturmin

153 2887 254 2950 sotum
269 2887 387 2965 fontem
402 2885 520 2949 trabnit.
562 2887 625 2951 Sed
642 2908 711 2951 enm
733 2886 769 2950 in
792 2886 852 2950 tiae
868 2887 983 2950 Latius
1004 2885 1056 2949 eir
1078 2886 1273 2966 enutritiosus,

154 2974 342 3039 (ieritinnndi
365 2974 506 3056 aun'dus,
538 2995 672 3055 iuquam
699 2974 838 3057 depictus
867 2981 953 3055 esset,
984 2974 1039 3056 aui
1067 2974 1206 3057 inmrebe
1236 2997 1275 3040 ae

153 3063 243 3142 foede
273 3062 381 3127 aurinia
410 3069 541 3128 senatus
569 3063 624 3142 sit,
661 3070 695 3127 at
724 3063 893 3128 monaches
922 3064 1099 3128 Ftddenses
1123 3062 1275 3145 potestati

153 3173 230 3216 stiae
259 3151 423 3233 enutriverat,
459 3151 649 3233 Laumertus
682 3151 791 3216 ostiaria
820 3173 900 3233 ariae
930 3151 965 3216 in
995 3151 1152 3216 inuidiam
1183 3151 1274 3216 Ludii

154 3240 245 3322 Eiet
262 3240 432 3322 smr'pserat
450 3239 570 3304 ineius
584 3240 728 3318 faverem
743 3241 927 3320 laudemque
943 3241 1101 3319 conuerte,
1126 3262 1191 3304 neu
1207 3239 1274 3305 nisi
1283 3267 1307 3306 se

153 3328 253 3407 feroci
277 3327 399 3393 Sturmi
421 3328 544 3392 abbatis
566 3328 675 3392 anime
698 3328 909 3393 Futdensium
931 3335 960 3393 et
981 3329 1070 3393 Latii
1094 3329 1162 3393 titas
1185 3335 1273 3393 ortas

153 3438 218 3482 esse
234 3422 431 3498 eonsentientes,
452 3418 582 3481 Lidtum
598 3417 847 3498 niarisuetadine,
873 3417 1072 3498 benianitate,
1098 3418 1271 3499 dementia,

153 3512 187 3570 ut
210 3507 330 3585 feroces
351 3506 576 3571 neonaetierum
592 3506 717 3570 animos
733 3507 888 3589 placaret,
913 3511 1058 3570 certatum
1073 3528 1148 3571 esse.
1193 3508 1273 3571 Tum

154 3593 196 3658 iis
226 3594 342 3675 pausis
371 3614 451 3675 quae
481 3597 518 3659 de
546 3594 736 3673 fundmiene
765 3594 951 3659 monasterii
980 3595 1221 3673 Hersfetdensis
1257 3617 1273 3659 e

161 3682 236 3747 Vita
253 3682 374 3746 Sta-roni
397 3689 426 3746 et
448 3703 486 3746 ee
509 3682 731 3764 diplomatibus
746 3683 830 3764 neeis
852 3689 1007 3765 tunneto
1029 3683 1148 3764 trabunt,
1172 3683 1306 3749 nescitam

154 3770 326 3836 coniectata
347 3777 376 3836 et
400 3777 571 3835 continente
594 3770 762 3836 admiserit
786 3768 1027 3849 (c.15.1e.18.
1045 3775 1111 3855 19).
1156 3773 1272 3837 Trans·

154 3858 268 3923 tatiani
292 3860 326 3923 S.
349 3858 504 3942 Wiytierti
533 3862 736 3924 enarrandae
760 3857 801 3937 (e.
821 3863 877 3943 17)
910 3859 984 3924 Vita
1008 3862 1041 3925 S.
1066 3860 1221 3942 Wiaoernf
1244 3860 1273 3925 ei

147 3954 277 4029 praesto
307 3948 380 4026 fuit.
429 3949 493 4012 Sed
520 3969 560 4012 ne
589 3969 627 4013 ee
656 3949 789 4029 quidem,
820 3970 901 4029 quae
930 3948 966 4013 in
989 3949 1148 4014 (tenrestiai
1177 3948 1273 4014 tersius

153 4035 256 4101 storiati
287 4035 360 4099 Vita
383 4034 504 4101 tradita
525 4042 625 4117 eram,
657 4037 838 4101 adrdterare
860 4040 1087 4103 verecundatus
1110 4045 1155 4102 est
1177 4039 1272 4101 Lam·

148 4130 268 4207 pertus,
293 4131 326 4189 ut
346 4124 483 4207 aleriam
505 4125 608 4190 sanati
632 4125 721 4190 Latii
743 4133 880 4207 assonet.
931 4127 1009 4191 Giton
1033 4127 1116 4191 enim
1140 4126 1176 4190 in
1199 4126 1307 4194 Vitam

156 4318 181 4383 1)
199 4318 272 4380 Oetae
289 4317 393 4383 quum
411 4333 467 4368 eum
487 4324 656 4369 cernrnentnm
668 4334 721 4370 esse
734 4318 802 4369 rosini
816 4335 977 4386 persuasum
989 4318 1077 4383 habeo,
1098 4319 1154 4370 lieet
1170 4336 1198 4385 p.
1208 4319 1271 4380 318,

154 4389 217 4443 ne.
230 4388 385 4440 admiserim
404 4389 501 4440 timum
519 4390 649 4456 arcendam
669 4392 698 4440 in
716 4391 877 4442 irionestnn‘o
889 4389 1074 4453 Hersfddensi
1088 4391 1192 4441 tradite
1210 4405 1270 4442 esee.

153 4460 181 4527 2)
198 4459 250 4511 snt
266 4461 300 4523 cf.
315 4475 346 4526 p.
358 4462 421 4527 320,
441 4477 467 4514 n.
480 4462 506 4515 2.

7 4612 92 4712 ἱ
