2842 5026
65 472 120 525 aa)
342 460 544 519 namnam
560 460 750 519 asanaa
785 460 824 517 Δ.
842 464 926 521 loto

1 650 195 735 ⁸5·septus,
226 648 329 712 modo
358 647 395 710 in
425 646 536 730 prima
562 646 636 710 soie
659 664 813 730 pugnam
834 644 1014 721 lacessere,
1036 644 1180 715 ubicum-

4 720 133 822 '·⁰·que
152 738 263 801 acrior
281 736 334 800 vis
357 735 510 799 hostium
532 733 757 809 incubuisset,
780 733 976 799 comminus
990 732 1106 805 adesse,
1124 738 1185 802 in·

67 827 263 891 sistentium
286 824 407 889 vultus
428 823 546 906 gladio
567 822 683 899 ferire,
707 843 771 907 per
792 821 940 887 hostiles
962 840 1084 887 cuneos
1102 845 1189 907 qna·

67 935 272 999 quaversnm
294 913 386 977 viam
416 912 483 976 sibi
511 912 626 977 ferroa
652 932 784 996 parare,
814 912 919 976 modo
948 910 987 973 in
1008 914 1193 994 postremis

67 1006 241 1069 cessantes
271 1000 459 1075 adhortari,
490 1020 624 1078 causae,
654 1020 724 1084 qua
752 1020 849 1064 arma
877 1004 1100 1083 sumpserant,
1123 1000 1211 1065 ado

68 1111 217 1158 monere,
250 1094 286 1154 et
309 1094 349 1153 ut
372 1110 475 1163 nnnc,
506 1089 600 1173 quod
622 1108 703 1173 sepe
732 1108 836 1173 quam
864 1091 986 1153 sancte
1007 1087 1198 1163 iurassent

67 1180 266 1245 libertatem
295 1198 391 1241 suam
415 1198 520 1241 manu
541 1178 770 1249 vindicarent,
801 1196 921 1242 omnes
949 1176 987 1240 in
1010 1196 1201 1245 commune

68 1289 131 1353 per
145 1267 258 1332 Deum
274 1266 464 1331 obsecrare.
500 1258 669 1330 Strenueb
688 1266 846 1351 profecto
864 1269 901 1332 et
916 1264 1048 1349 egregii
1069 1264 1204 1335 militis
1258 1276 1260 1283 '

68 1360 105 1422 et
120 1357 244 1440 optimi
260 1356 357 1420 ducis
376 1354 493 1419 officio
515 1355 730 1439 fungebatur
739 1354 760 1416 ¹.
794 1354 1017 1419 Protractum
1039 1373 1061 1416 a
1077 1354 1206 1425 medin
1257 1364 1260 1371 '

69 1445 126 1509 die
150 1444 316 1527 usquein
340 1443 460 1508 horam
483 1464 609 1508 nonam
634 1447 810 1509 certamen
831 1443 903 1508 iam
925 1444 964 1507 in
981 1463 1024 1508 eo
1042 1445 1122 1517 erat,
1143 1452 1241 1517 utu

69 1535 138 1597 duo
169 1534 316 1597 duorum
347 1552 531 1615 regnorum
555 1532 736 1609 exercitus,
767 1532 914 1597 Sueviae
941 1536 978 1598 et
1000 1530 1210 1616 Baianae,

68 1627 169 1704 terga
191 1624 383 1697 verterent,
416 1625 452 1686 et
480 1622 556 1705 regi
577 1622 778 1705 frequentes
802 1621 924 1686 nuncii
946 1620 1093 1685 salutem
1115 1640 1215 1693 sno-

67 1732 145 1774 rum
168 1710 205 1772 in
228 1714 383 1775 extremo
405 1710 508 1773 sitam
532 1709 756 1785 nunciabant,
780 1714 879 1775 cum⁰
898 1712 1045 1794 repente
1062 1726 1102 1771 ex
1119 1728 1217 1785 uuo

69 1799 178 1863 latere
202 1793 457 1864 Herimannus‘¹
480 1818 593 1863 comes
616 1799 660 1863 de
678 1796 875 1882 Glizberg⁰,
899 1790 963 1863 ex‘
989 1796 1059 1863 alio
1081 1795 1219 1877 latere

69 1887 374 1970 Babenbergenses
403 1887 532 1952 milites
562 1888 661 1971 signa
690 1887 858 1952 inierunt.
902 1887 993 1951 'lum
1017 1886 1086 1951 dux
1108 1884 1249 1969 BQ„

69 1982 237 2051 morumss,
269 1980 345 2039 tum
369 1974 497 2042 Goaelo
525 1976 595 2041 dux
617 1969 921 2061 Luteringoruml,
952 1973 1074 2039 multis
1096 1974 1217 2059 prin,

70 2065 343 2149 periclitantium
367 2064 404 2128 in
427 2064 538 2149 prelio
560 2064 793 2148 legationibus
820 2068 857 2129 et
879 2064 1216 2150 supplicationibus

69 2154 249 2235 fatigatus,
277 2174 357 2217 snas
380 2157 526 2236 uterque
549 2154 666 2237 copias
687 2154 843 2217 incitatis
865 2153 910 2218 ad
934 2172 1073 2218 cursum
1095 2166 1211 2237 equi„

68 2243 228 2307 inmittit.
275 2241 354 2306 Non
377 2241 472 2305 ultra
495 2241 646 2307 Saxones
668 2243 738 2306 vim
761 2242 999 2307 multitudinis
1021 2242 1207 2323 sustinere

70 2334 242 2415 poterant,
267 2330 504 2414 paulatimque
527 2331 700 2408 cedentes,
724 2350 803 2396 cum
825 2330 1013 2396 inclinatas
1033 2322 1119 2395 iam¹
1154 2345 1227 2410 ad„

4 2445 59 2495 aa
69 2421 189 2503 fugam
213 2420 304 2484 acies
323 2420 394 2483 dux
409 2418 495 2484 Otto
517 2420 701 2485 restituere
723 2420 946 2497 obsecrando,
968 2420 1193 2507 increpando,

69 2509 230 2573 inertiam
255 2509 490 2591 desidiamque
514 2508 752 2592 exprobrando
772 2509 832 2572 diu
856 2506 1075 2591 multumque
1093 2528 1190 2583 cona.

70 2604 127 2661 tus
143 2598 276 2663 fuisset,
301 2597 443 2660 tandem
459 2598 564 2661 versis
587 2598 695 2661 frenis
712 2617 828 2661 omnes
845 2598 998 2661 diversas
1020 2598 1056 2660 in
1077 2606 1185 2681 partas

70 2688 293 2765 aufugerunt.
340 2679 449 2748 Tumk
476 2707 556 2749 vero
583 2719 624 2729 -
648 2689 687 2749 ut
710 2706 844 2770 semper
869 2687 906 2749 in
930 2686 1017 2769 fuga
1039 2687 1179 2757 hostium

69 2775 299 2859 ignavissimis
330 2778 365 2838 et
395 2774 592 2838 fort-issimis
623 2796 686 2858 par
715 2775 804 2839 solet
835 2795 907 2839 esse
938 2775 1096 2841 audacia.
1127 2799 1200 2860 para

69 2865 202 2948 glori-‘1²'
225 2898 268 2905 —
292 2883 410 2926 omnes
433 2863 469 2925 in
486 2864 640 2928 exercitu
660 2864 751 2946 regis
768 2863 920 2945 legiones
937 2863 1089 2927 confusis
1102 2867 1174 2931 ordi·

70 2954 181 3020 nibus,
207 2973 324 3015 ornnes
349 2952 452 3016 etiarn
478 2952 592 3035 plebei
616 2973 655 3015 ac
678 2952 809 3028 rustici,
834 2953 893 3035 qui
912 2955 1102 3016 castrorum
1123 2957 1172 3018 ui·

71 3043 134 3106 bus
169 3041 327 3105 seruilem
358 3062 496 3124 operum
528 3041 781 3124 dependebant,
816 3041 912 3105 ocius
942 3062 978 3105 se
1009 3041 1052 3104 ad
1083 3060 1170 3124 perse

70 3132 224 3213 quendos
255 3130 430 3211 fugientes
461 3130 658 3212 expediunt,
690 3150 795 3213 equos
819 3128 1012 3193 calcaribus
1036 3135 1168 3201 enecant,

70 3219 256 3282 latissimos
295 3239 433 3301 campos
472 3219 565 3281 dicto
605 3218 707 3282 citius
746 3218 977 3293 transvolant,
1018 3218 1192 3282 obstantiae

70 3329 225 3390 quaeque
249 3307 464 3371 conculcant.
505 3307 702 3388 Fugientes,
728 3329 805 3371 oum
828 3308 865 3369 in
882 3311 997 3371 castra
1016 3311 1169 3389 tamquam

70 3397 142 3459 illic
167 3396 352 3460 latibulum
376 3396 531 3459 habituri
554 3416 590 3459 se
619 3396 839 3479 recepissent,
871 3396 981 3480 captis
1006 3395 1122 3459 caenis
1145 3398 1171 3459 et

71 3486 215 3567 direptis
246 3485 433 3567 exagitant,
465 3483 541 3547 loca
571 3485 695 3551 omnia.
725 3505 787 3568 per
810 3505 897 3567 quae
925 3484 1013 3567 fuga
1038 3487 1099 3555 est,
1127 3504 1172 3566 per

71 3573 220 3635 miliaria
250 3574 318 3636 duo
343 3573 396 3636 vel
428 3574 496 3636 tria
520 3574 784 3655 circumquaque
808 3574 949 3637 cedibus
973 3572 1172 3637 cruentantl.

70 3662 275 3724 cadaverum
293 3662 423 3725 acervis
440 3665 659 3745 exaggerant.
684 3661 729 3724 Et
745 3663 827 3744 quia
842 3662 1038 3726 concitatus
1053 3661 1199 3743 ungulis*

71 3770 236 3832 equorum
261 3750 373 3833 pulvis
403 3750 512 3814 oculis
536 3754 764 3834 prospectum,
798 3751 901 3814 rebus
924 3750 1108 3814 discrimen
1129 3749 1176 3813 eri·

70 3927 92 3969 a)
107 3934 148 3960 orn¹
164 3923 209 3964 Bz’.
264 3922 287 3971 bji
301 3924 411 3961 strennue
426 3923 472 3965 ΒΞ,
525 3924 546 3971 c)
560 3933 610 3961 enin
626 3925 644 3962 A
654 3925 710 3966 1.1·.
765 3921 789 3963 d}
802 3924 943 3962 Hennsnnus
959 3922 1043 3965 ΒΜ.
1098 3926 1119 3970 e)
1131 3922 1179 3961 (llis¹

70 3977 127 4023 berg
141 3975 200 4018 Bll'.
268 3977 286 4022 f)
300 3983 321 4015 or
336 3977 383 4018 132.
451 3980 474 4024 g)
490 3977 636 4015 Bobonrornrn
652 3977 697 4018 ΒΞ.
761 3977 783 4023 ll)
799 3977 923 4025 ertterlng.
938 3979 984 4019 Al.
1046 3974 1063 4024 l)
1077 3976 1120 4014 lani
1132 3974 1180 4015 ant

71 4030 103 4067 bis
117 4042 158 4071 scr.
174 4029 232 4072 lllll,
287 4030 310 4080 kl
325 4031 387 4068 'l'uuc
401 4031 421 4067 Β
429 4028 460 4072 lb,

72 4158 98 4220 1)
124 4155 235 4207 Sallust.
256 4156 312 4208 Cu.
338 4170 358 4206 c.
377 4155 426 4207 60:
453 4152 569 4205 Catilina
595 4171 657 4205 enm
683 4152 816 4222 expeditis
842 4151 870 4204 in
895 4152 984 4220 prima
1006 4151 1063 4205 acie
1083 4150 1209 4217 versario

72 4263 140 4278 ....
160 4226 277 4276 uuiltum
296 4225 353 4291 ipse
370 4241 500 4291 pugnare,
519 4241 599 4292 saepe
612 4224 718 4276 luistem
732 4224 827 4277 scrire:
847 4224 949 4276 strenui
968 4223 1064 4275 militis
1082 4228 1110 4275 et
1127 4222 1185 4275 boni

72 4296 242 4362 imperatoris
267 4295 356 4346 officia
381 4295 461 4346 simul
487 4296 692 4362 exsequebatur.
774 4298 802 4353 2)
826 4295 938 4349 Sallust.
962 4294 1023 4360 Iup,
1048 4311 1070 4349 c.
1089 4298 1137 4351 53:
1160 4294 1186 4345 in

71 4366 185 4418 victoria
212 4366 255 4417 vel
283 4365 388 4434 igriaris
415 4366 525 4435 gloriari
554 4367 624 4421 licet.
703 4367 731 4434 3)
756 4366 893 4420 Benhold.
921 4364 1007 4434 (Anu.
1035 4366 1063 4418 S.
1090 4366 1187 4429 Blasii)

69 4456 98 4505 p.
111 4440 178 4491 ¹219:
199 4435 282 4489 ferme
301 4436 336 4487 ad
355 4435 409 4489 dno
427 4436 543 4489 miliaria
562 4479 568 4492 .
588 4480 594 4492 .
614 4454 660 4491 eos
679 4437 814 4507 fugientes
832 4436 947 4490 insecuti
965 4441 1037 4492 sunt.
