2842 5026
430 388 630 445 LAMPERTI
647 388 836 444 ANNALRS
874 391 910 443 Α.
929 393 1006 446 lora
1231 391 1283 445 155

1294 552 1372 604 lma.

125 626 127 633 .
183 575 287 640 merito
316 574 362 636 ad
392 573 530 637 illorum
561 572 793 655 cognitionem
827 592 1110 653 communemque
1144 571 1282 634 audien·
1292 624 1372 670 (m)

187 666 254 729 tiam
276 682 335 725 uos
358 663 513 727 reiceret
559 660 661 724 Nunc
684 664 811 731 autem,
839 681 916 724 cum
941 660 1039 725 uobis
1063 664 1124 724 aut
1147 660 1283 743 privata

192 752 363 820 calamitate
387 750 579 814 cadendum
603 753 665 813 aut
688 750 823 833 privata
844 749 974 812 virtute
1000 749 1135 812 iniuriis
1158 749 1204 810 sit
1227 749 1283 812 ob·

193 846 259 909 viam
280 840 441 905 eundum.
465 838 554 902 nihil
570 843 688 902 nostra
710 839 856 901 interest
878 858 980 921 super
997 838 1121 901 nostris
1137 837 1283 900 miseriis

179 934 310 1002 aliorum
350 931 551 1012 expectare·
593 927 811 992 sententiam.
870 925 1097 1010 Quapropter,
1137 927 1165 989 si
1204 947 1281 991 eum

197 1019 429 1088 malefactorum
462 1017 603 1079 tandem
641 1015 827 1097 aliquando
865 1016 961 1099 piget
996 1016 1210 1098 penitetque,
1246 1016 1282 1078 in

195 1108 407 1193 argumentum
432 1125 500 1167 non
524 1104 625 1168 fictae
641 1104 854 1188 penitentiae
871 1104 1023 1171 castella,
1048 1125 1136 1186 quae
1159 1105 1194 1166 in
1211 1124 1281 1188 per·

194 1199 289 1265 niciem
312 1197 465 1257 nostram
488 1193 650 1267 extruxit,
675 1193 803 1275 absque
826 1193 1136 1276 procrastinatione
1156 1194 1281 1269 diruat,

194 1283 373 1375 patrimonia
395 1281 494 1346 uobis
517 1282 668 1365 pervim
693 1300 754 1345 seu
777 1301 837 1363 per
861 1280 1066 1344 calumniam
1093 1286 1212 1364 erepta
1234 1302 1282 1345 re-

170 1375 303 1441 astituat,
335 1374 508 1454 postremo
538 1369 776 1433 iusiurandum
806 1362 926 1434 nobisb
958 1370 1031 1439 det,
1062 1372 1154 1452 quod
1186 1370 1282 1452 legit·

192 1467 256 1529 tinia
279 1461 376 1543 genti
402 1463 541 1523 nostrae
564 1480 585 1523 a
608 1458 727 1542 primis
748 1459 963 1542 temporibus
986 1459 1176 1521 constituta
1200 1481 1282 1521 nun·

191 1573 269 1637 quam
291 1549 452 1633 deinceps
483 1548 673 1631 infringere
703 1547 876 1611 moliatur.
923 1546 960 1609 Si
983 1548 1048 1610 hoc
1071 1547 1167 1615 facit.
1199 1546 1282 1612 lieet

189 1661 251 1724 sepe
276 1638 372 1707 elusi,
404 1658 484 1720 sepe
513 1636 617 1700 cerdis
635 1633 784 1716 pacificis
806 1635 841 1698 io
866 1635 936 1697 dolo
959 1636 1058 1702 irrisi,
1090 1639 1206 1699 tamen
1231 1641 1413 1711 utrmear,

188 1748 310 1809 rmnque
346 1726 460 1790 adhue
495 1727 665 1790 credimus
700 1726 790 1789 bona
824 1724 1012 1809 pollicenti.
1060 1724 1120 1787 Sin
1154 1729 1280 1793 autem,

125 1878 128 1907 Ι
163 1817 261 1880 oomni
282 1815 450 1880 dilatione
466 1814 628 1897 relegata,
654 1834 716 1878 nec
733 1815 943 1898 expectatisa
963 1813 1107 1876 aliarum
1125 1813 1280 1895 gentium

125 1912 127 1921 '
185 1909 234 1967 aut
252 1904 395 1966 aliorum
420 1904 613 1987 principum
637 1903 793 1968 decretis.
817 1903 946 1984 iugum,
978 1902 1070 1984 quod
1093 1902 1282 1966 cervicibus

183 1993 291 2056 nostris
314 1992 502 2075 impendet,
527 1996 686 2055 excutere
707 1992 908 2054 conabimur
931 1991 1123 2073 liberosque
1147 1993 1281 2054 nostros

182 2085 282 2144 nostra
312 2081 368 2144 rel
398 2084 508 2144 morte
536 2081 590 2144 vel
613 2080 757 2143 victoria
786 2080 823 2142 in
846 2079 1042 2143 libertatem
1071 2079 1280 2143 asseremus'.

182 2169 216 2232 ln
246 2171 329 2234 haee
365 2170 471 2233 rerba
503 2169 637 2252 legatos
672 2169 886 2232 dimiserunt.
934 2167 1001 2246 Qui
1031 2169 1156 2232 iterum
1188 2169 1281 2232 missi

154 2258 359 2340 nitoremque
383 2258 515 2321 remissi
538 2258 574 2320 in
598 2257 717 2321 eadem
742 2277 799 2321 eos
822 2258 995 2321 sententia
1018 2258 1210 2322 obstinatos
1233 2259 1280 2320 in·

178 2350 343 2411 venerunt.
392 2347 515 2428 Itaque
545 2367 662 2409 omnes
685 2346 766 2415 vias,
798 2366 859 2429 per
882 2367 966 2427 quas
996 2347 1177 2410 descensus
1208 2367 1280 2411 esse

177 2439 301 2518 poterat
332 2436 375 2499 de
406 2435 558 2504 castello,
590 2434 756 2497 adhibitis
787 2435 986 2498 custodibus
1016 2436 1188 2499 observari
1216 2441 1280 2500 sta·

175 2526 321 2592 luerunt,
358 2545 491 2586 summa
519 2544 583 2605 ope
614 2523 650 2586 id
680 2524 931 2606 precavendum
962 2524 1175 2595 estimantes,
1213 2531 1274 2589 nec

173 2634 231 2695 qua
261 2613 294 2676 ei
325 2613 424 2695 copia
453 2612 551 2676 fieret
581 2612 769 2694 effugiendi
800 2615 836 2675 et
864 2613 899 2674 in
931 2613 1016 2676 alias
1044 2614 1141 2697 regni
1165 2617 1280 2696 partes

145 2701 294 2766 ”belluni
324 2701 566 2765 transferendi.
613 2700 658 2763 Et
688 2702 854 2784 profecto,
885 2702 913 2763 si
944 2702 978 2765 id
1003 2702 1068 2766 rite
1092 2706 1279 2778 curassent,

168 2791 259 2854 facili
284 2790 464 2873 dispendio
494 2794 530 2854 et
560 2790 677 2873 paucis
708 2789 892 2852 admodum
917 2791 1037 2854 diebus
1064 2812 1117 2855 res
1141 2792 1280 2855 confice·

167 2884 269 2953 retur,
302 2899 390 2960 quae
420 2879 638 2961 postmodum
669 2882 768 2941 tanto
797 2881 952 2961 tempore
978 2883 1092 2942 tracta
1114 2881 1149 2942 iu
1175 2885 1280 2945 extre·

165 2989 257 3029 mum
284 2988 370 3050 pene
387 2968 568 3031 discrimen
586 2972 727 3031 cunetas
751 2968 849 3049 regni
869 2969 1061 3050 provincias
1081 2973 1280 3031 attraxerat.

163 3056 286 3138 Neque
318 3057 382 3119 hoc
413 3056 524 3138 ipsum
555 3077 669 3139 regem
694 3056 836 3120 latebat.
885 3057 1019 3120 Idcirco
1043 3058 1153 3119 modis
1177 3057 1282 3119 omni·

130 3145 229 3209 abus
253 3145 408 3208 intentus
425 3145 559 3226 agebat,
584 3144 733 3226 qualiter
749 3145 900 3207 hostium
920 3145 1094 3208 custodias
1117 3141 1278 3209 falleret‘l

163 3237 200 3297 et
225 3233 268 3297 de
292 3233 460 3316 angustiis
485 3233 651 3297 Saxoniae
675 3233 711 3295 in
735 3233 936 3296 latissimam
961 3233 1058 3315 regni
1079 3254 1192 3297 aream
1214 3233 1281 3297 bel-

163 3322 236 3384 lum
261 3322 432 3397 traiceret,
457 3323 669 3404 maximeque
693 3322 735 3383 ad
753 3322 929 3404 episcopos
945 3321 1092 3388 Rhenie.
1117 3342 1201 3404 quos
1218 3322 1283 3386 sibi

162 3411 209 3474 ob
240 3409 360 3473 crebra
390 3431 452 3473 sua
482 3412 605 3474 merita
633 3411 718 3473 fidos
749 3411 930 3491 firmosque
960 3410 997 3472 in
1028 3411 1178 3475 adversis
1208 3412 1283 3476 fore

162 3498 337 3582 sperabat.

125 3604 154 3655 ³⁵
274 3581 484 3651 Castellumf
518 3589 553 3650 in
585 3588 752 3651 altissimo
785 3588 873 3652 colle
904 3589 1008 3651 situm
1039 3594 1114 3653 erat
1144 3593 1179 3653 et
1213 3611 1283 3653 uno

162 3679 302 3739 tantum
334 3676 458 3740 itinere
488 3678 629 3760 ipsoque
654 3677 884 3740 difficillimos
910 3678 998 3741 adiri
1028 3682 1175 3762 poterat.
1226 3678 1283 3743 Oe·

163 3769 241 3829 tera
272 3766 398 3827 montis
434 3765 544 3828 latera
578 3766 771 3829 vastissima
805 3766 891 3829 silva
925 3767 1159 3837 inumbrabat,
1196 3788 1283 3849 quae

164 3854 289 3917 exinde
321 3875 382 3936 per
412 3854 522 3915 multa
549 3854 645 3916 milia
675 3875 836 3937 passuum
867 3857 1031 3919 continua
1054 3857 1217 3919 vastitate
1248 3857 1284 3917 in

165 3942 276 4005 latum
316 3943 515 4006 extenditur
552 3964 660 4025 usque
695 3943 738 4005 ad
774 3944 960 4006 confinium
992 3937 1213 4026 Turingiaeh‚
1250 3948 1285 4008 et

127 4025 261 4094 uideoi
294 4031 391 4093 nulla
420 4031 650 4095 obsidentium
682 4031 864 4115 diligentia
894 4031 1063 4095 conclusis
1087 4026 1282 4114 egressuml‘

164 4120 221 4184 vel
257 4120 447 4202 ingressum
483 4121 614 4202 eripere
645 4123 791 4202 poterat.
844 4120 917 4183 Rex
948 4119 1076 4182 collato
1107 4141 1185 4182 cum
1216 4121 1285 4182 suis

164 4276 328 4323 mersum.
384 4273 552 4315 lilono.Bl.2.
604 4272 756 4311 clnecBlb.
808 4270 831 4319 d)
846 4271 964 4313 onaBlb.
1007 4272 1029 4319 e)
1042 4273 1162 4314 nonina.
1205 4274 1287 4322 sidaec

164 4340 228 4420 k-qr
241 4329 286 4373 156,
302 4329 362 4419 ΙΒἙ).
378 4327 510 4366 memnon.
565 4324 797 4375 molfnulirnomh.
848 4325 1091 4376 imbannata
1144 4325 1286 4376 bidem

181 4386 189 4431 )
218 4383 225 4418 ι’
225 4394 285 4419 ssssss
287 4410 292 4419 .
362 4407 368 4420 .
