2842 5026
213 456 264 509 126
487 450 688 505 LAMPERTI
706 449 895 505 ANNALES.
931 450 968 504 A.
988 454 1067 508 1071.

125 644 202 696 1071.
213 636 481 719 archiepiscopo.
530 634 683 716 Cumque
706 633 816 695 nihil¹²
844 632 904 697 ille
928 633 1096 716 precibus,
1127 631 1217 694 nihil
1243 630 1343 693 lacri-

214 725 287 798 mis,
319 723 407 786 nihil
437 724 512 806 ipsa
535 714 815 806 perurgentiumb
842 722 1106 805 importunitate
1130 722 1342 791 moveretur,

213 813 301 875 inito
333 812 474 875 consilio
505 815 554 886 et,
587 814 626 873 ut
656 810 777 885 fertur,
809 810 927 873 divina
955 809 1166 874 revelatione
1195 809 1242 872 ad
1273 808 1342 870 hoo

214 902 410 965 faciendum
428 900 574 973 incitati,
599 919 675 962 ossa
691 899 785 962 beati
800 898 974 963 Remacli⁰
996 897 1114 962 levant
1123 898 1144 973 ¹,
1169 896 1341 960 Leodium

98 984 398 1062 mandeforuncd
418 991 454 1052 et
469 993 569 1071 rege⁰
592 987 718 1052 celebri
734 988 883 1069 quodam
907 987 982 1050 loco
999 986 1193 1050 convivium
1212 987 1364 1068 agentes

215 1098 318 1161 super
348 1097 499 1140 mensam
530 1077 637 1160 ipsam
666 1079 854 1159 apponunt,
886 1075 1105 1140 obsecrantes
1128 1095 1189 1158 per
1213 1072 1339 1148 Deum,

214 1170 264 1241 ut,
297 1166 325 1228 si
349 1165 461 1227 minus
485 1164 644 1240 filiorum,
676 1164 799 1227 saltem
823 1164 932 1247 patris
954 1157 1067 1227 tantir
1094 1163 1339 1228 misereretur⁸

216 1255 284 1317 iam
308 1275 386 1317 cum
403 1252 541 1316 Christo
565 1253 741 1336 regnantis
765 1256 800 1316 et
824 1254 866 1316 de
889 1253 1024 1316 iniuriis
1048 1252 1119 1316 suis
1141 1243 1337 1334 quottidieh

216 1343 261 1406 ad
298 1341 452 1406 tribunal
487 1343 619 1405 aeterni
654 1342 777 1405 iudicis
816 1341 1121 1425 proclamationem
1159 1339 1339 1416 facientis;

216 1432 272 1495 oui
291 1431 357 1493 nisi
373 1451 435 1493 sua
451 1431 660 1504 restitueret,
685 1429 778 1492 ultra
802 1430 834 1493 ei
856 1432 998 1513 propter
1020 1429 1200 1513 penuriam
1224 1449 1339 1493 rerum
1354 1451 1380 1488 ro

216 1520 482 1584 necessariarum
507 1518 691 1581 militaturi
715 1539 783 1580 non
808 1522 932 1582 essent.
975 1518 1052 1581 Hoc
1075 1517 1341 1601 supplicationis

216 1629 350 1691 genere,
383 1608 474 1690 quod
505 1608 549 1670 ad
577 1607 783 1690 captandam
808 1606 1077 1671 benivolentiam
1100 1609 1340 1689 comparatum

216 1698 341 1771 inerat,
366 1716 425 1759 rex
449 1716 547 1759 versa
569 1696 643 1759 vice
666 1695 811 1758 nimium
835 1696 1008 1771 efferatus,
1033 1695 1189 1760 concitus
1213 1714 1259 1765 se,
1292 1714 1341 1758 re·

217 1785 309 1849 lictis
339 1784 459 1867 epulis,
492 1785 528 1846 in
558 1784 729 1867 palacium
762 1784 940 1868 proripuit,
972 1786 1008 1848 et
1031 1804 1098 1867 quo
1121 1782 1281 1866 exemplo
1304 1783 1341 1845 in

217 1874 378 1938 abbatem
389 1875 409 1948 ²,
441 1876 513 1936 tam
537 1872 677 1936 audacis
700 1872 787 1936 facti
810 1873 1032 1946 incentorem,
1064 1872 1341 1936 animadvertere
1354 1893 1378 1932 u

218 1962 367 2036 deberet,
395 1962 515 2044 plenus
539 1961 668 2023 irarum
691 1961 868 2044 cogitabat
878 1961 899 2021 ³.
939 1960 1007 2025 Sed
1028 1981 1107 2025 ecce
1130 1980 1259 2036 mensa,
1285 1959 1342 2023 cui

217 2051 453 2134 superpositae
483 2054 582 2113 erant
612 2069 728 2113 sacrae
757 2049 933 2132 reliquiae,
965 2050 1082 2113 divina
1104 2048 1235 2112 virtute
1264 2068 1341 2111 oon·

217 2131 347 2202 fractai
372 2138 501 2201 corruit
525 2132 769 2220 ministroquek
795 2138 895 2221 regia,
921 2137 1008 2201 haut
1031 2136 1169 2202 obscuri
1191 2137 1342 2200 nominis

218 2227 322 2301 viret,
348 2247 447 2288 crura
466 2227 638 2309 pedesque
655 2226 828 2289 contrivit.
868 2225 936 2305 Qui
959 2225 1063 2310 paulo
1087 2229 1175 2309 post,
1201 2228 1343 2289 exorata

220 2336 280 2399 per
302 2315 581 2378 intercessionem
606 2315 699 2379 beati
723 2315 877 2378 Remacli
901 2315 1031 2398 pietate
1055 2315 1181 2390 divina,
1206 2314 1258 2376 ita
1277 2313 1378 2397 pri-eo

219 2404 330 2467 atinae
360 2403 544 2467 restitutus
574 2406 626 2466 est
657 2396 850 2486 sospitati¹,
881 2407 922 2466 ut
944 2408 1013 2468 ne¹¹¹
1036 2403 1178 2467 cicatrix
1202 2402 1344 2484 quidem

219 2493 255 2554 in
287 2495 528 2574 argumentum
560 2492 698 2555 lesionis
729 2491 879 2556 abolitae
910 2492 1173 2574 relinqueretur.
1224 2491 1344 2573 Atque

104 2601 210 2650 (uasta).
220 2581 271 2642 ita
294 2581 454 2663 deinceps
479 2601 539 2663 per
554 2584 664 2642 totam
684 2584 820 2644 noctem
844 2584 1110 2663 sequentemque
1126 2579 1217 2643 diem
1241 2581 1345 2641 tanta

221 2670 331 2733 circa¹¹
366 2672 522 2732 sanctum
556 2690 679 2752 corpus
714 2669 916 2733 coruscabat
951 2669 1193 2732 miraculorum
1228 2667 1346 2731 multi·

221 2759 315 2829 tude,
345 2761 384 2819 ut
409 2758 576 2840 corporali
600 2758 851 2839 quodammodo
875 2758 1143 2840 proclamatione
1166 2756 1380 2820 videreturne

221 2847 343 2910 beatus
366 2845 547 2909 Remaclus
571 2847 624 2908 ius
649 2866 747 2908 suum
772 2846 999 2930 expostulare.
1044 2846 1214 2908 Attonitis
1238 2846 1345 2908 omni-

221 2935 285 2998 bus
308 2938 427 2998 tantae
450 2936 500 2998 rei
524 2935 688 3005 novitate,
719 2956 779 2998 rex
803 2935 925 2999 timore
948 2934 1250 2998 vehementissimo
1276 2954 1344 2997 cor·

220 3027 349 3107 raptus,
382 3044 424 3086 ne
447 3023 548 3098 forte,
581 3024 606 3085 si
633 3026 864 3099 cunctaretur,
896 3023 1053 3087 caelestis
1077 3023 1113 3085 in
1136 3042 1215 3086 eum
1239 3023 1345 3106 proti·

220 3117 305 3174 nus⁰
334 3112 422 3174 ultio
453 3113 666 3195 procederet,
698 3133 767 3174 non
796 3112 906 3174 solum
937 3112 1055 3175 ablata
1082 3111 1250 3187 restituit,
1284 3111 1344 3174 sed

220 3201 417 3264 recentibus
441 3201 544 3263 etiam
563 3201 660 3263 donis
685 3222 745 3283 pro
766 3200 1022 3264 munificential'
1043 3200 1138 3282 regia
1160 3199 1379 3282 magnificem

221 3289 441 3352 cumulavit?

221 3443 435 3484 atillenlchllBl.
502 3444 524 3491 b)
543 3450 699 3492 perurgentum
715 3443 760 3485 Bl.
824 3446 844 3489 e)
859 3443 1053 3484 Retnardlnaa.
1063 3444 1077 3485 1,
1145 3442 1159 3480 d
1183 3439 1344 3483 deferturAl.

221 3496 377 3545 e)reng1b.
432 3496 504 3545 l)om.
519 3496 591 3539 Bkt.
646 3499 669 3545 g)
684 3498 800 3536 uriacretur
814 3500 864 3547 „113
880 3497 1010 3536 misereatur
1024 3496 1084 3538 ΔΙΙ,
1145 3496 1159 3535 h
1183 3493 1283 3543 quotidie
1297 3497 1344 3537 Al.

222 3550 238 3594 l)
254 3551 324 3588 tracta
339 3548 397 3590 Blb.
451 3548 475 3597 k)
489 3550 643 3598 ministrosque
658 3551 713 3591 131⁸.
768 3552 784 3600 l)
799 3551 888 3590 sanitati
903 3549 961 3592 arb.
1015 3550 1045 3597 m)
1060 3560 1099 3589 uec
1114 3547 1174 3590 Elb.
1222 3547 1343 3599 u)olrcum

222 3604 268 3643 Al.
323 3602 344 3651 o)
358 3614 399 3644 our.
413 3603 458 3644 Be.
514 3603 535 3651 pl
550 3604 717 3652 magnificencia
731 3604 776 3645 Ba.
1353 3597 1376 3635 ³5

224 3728 249 3789 1)
269 3726 313 3775 Ad
330 3732 474 3791 sequentem
494 3729 677 3778 narrationem
705 3729 739 3791 cf.
764 3728 907 3794 Triumpb.
928 3728 956 3780 S.
976 3727 1095 3777 Remacb'
1118 3727 1135 3780 l.
1156 3726 1197 3787 Il,
1220 3726 1269 3779 SS.
1290 3725 1342 3788 XI,

218 3799 400 3863 plumbati&
428 3799 500 3862 epau.
525 3797 676 3848 lbeoduine'
699 3801 814 3865 episcopi
837 3799 1001 3862 Laodienetb,
1027 3798 1149 3849 Martme
1174 3803 1196 3848 et
1215 3796 1342 3858 Durand,

223 3868 319 3921 Ancal.
348 3868 375 3930 1,
407 3868 452 3920 col.
479 3870 530 3923 487
553 3885 626 3934 sqq.,·
656 3871 727 3922 Ana.
755 3870 845 3923 Altab,
877 3887 902 3923 a.
925 3872 1001 3924 1071.
1092 3871 1119 3936 2)
1146 3868 1341 3919 lbeodm'cum.

223 3940 249 4004 3)
269 3940 408 3989 Annonem
427 3941 550 3989 incitasse
568 3940 604 3988 ad
621 3941 669 3990 boc
686 3956 770 4005 repam
791 3941 875 3990 tradit
892 3940 1060 4006 Triumphus
1072 3939 1099 3995 S.
1113 3938 1232 3990 Renum
1244 3939 1284 4001 II,
1297 3941 1343 3996 10,-

222 4012 294 4063 Ann.
315 4010 404 4059 uttan.
432 4015 453 4060 et
482 4027 540 4061 eum
568 4016 590 4061 et
618 4027 702 4075 repem
729 4012 844 4063 abbatem
873 4012 1037 4062 contumelitb
1064 4011 1184 4075 effetatae
1211 4010 1373 4073 referientes

222 4081 273 4130 Sed
292 4081 452 4147 Lampetes
478 4096 577 4132 earnem
605 4083 732 4132 iuvidiam
759 4085 801 4133 rei
825 4085 853 4132 in
873 4098 956 4147 repom
979 4088 1129 4134 concatenat
1146 4082 1222 4144 eavit,
1248 4095 1282 4130 ne
1298 4080 1343 4130 eui

222 4153 347 4201 Annonia
365 4153 414 4201 bac
434 4155 462 4202 in
475 4168 505 4203 re
523 4153 610 4216 faeda,
629 4155 705 4203 cuius
724 4156 779 4218 ipsi
795 4154 846 4204 soli
861 4154 939 4219 crelpa
955 4153 1047 4204 danda
1066 4154 1169 4216 fuisset,
1187 4153 1342 4202 mentionem

223 4224 337 4286 faceret,·
362 4224 397 4284 cf.
418 4223 550 4274 Dua-act·
570 4241 599 4290 p.
614 4226 648 4278 28
661 4240 699 4289 aq.
790 4228 817 4291 4)
845 4226 929 4276 ltrtmo
950 4224 1053 4275 annulo
1073 4224 1230 4275 monaatem'r'
1247 4220 1343 4272 mam-

222 4294 302 4342 lenae‘a
327 4297 433 4344 narratae
453 4295 614 4356 Gonta·ul0;
647 4295 788 4361 Triamph.
816 4296 920 4359 [1311.
1012 4299 1039 4359 5)
1067 4295 1106 4345 De
1130 4295 1173 4345 aa
1198 4291 1344 4346 recentibus

222 4365 300 4414 donia
325 4365 398 4414 nibil
421 4365 496 4416 habet
527 4366 706 4432 Tre'muphus,
732 4367 777 4417 aab
803 4368 879 4418 etiam
907 4367 1044 4417 annalista
1071 4365 1225 4417 Abannae
1252 4378 1375 4417 maru

221 4436 376 4485 retentionem
396 4437 465 4499 seru.
