2842 5026
585 272 806 329 PRAEFATIO
825 271 854 327 G.
867 271 919 327 IV.
1198 269 1310 325 XXXV

186 457 292 520 77777778
318 455 383 520 iam
405 456 751 522 mammotrectis
774 453 937 519 recens-nit.
978 454 1046 518 Nee
1068 453 1214 518 7777777777
1228 453 1308 535 77777,

185 545 265 626 quin
289 567 328 609 ea
352 566 433 626 qaae
449 545 639 626 Lampertus
660 545 699 608 777
722 543 852 609 oonsilio
869 541 1055 625 principum
1071 542 1203 623 7777777777
1225 543 1309 625 reqis

185 633 325 713 eiiqendi
351 634 416 697 iam
438 656 469 697 a.
489 639 584 697 1073.
609 639 697 714 capto
722 630 1034 713 (777777777105877.2
1058 637 1135 713 168)
1160 653 1308 696 commmi-

186 728 238 785 tus
252 729 308 794 787,
334 725 418 803 quod
432 743 535 803 reqem
550 743 580 785 a.
597 727 691 784 1073.
708 721 859 786 elocutum
874 741 938 784 7887
954 719 1035 783 clia-it
1053 717 1160 798 (infra
1170 744 1205 802 p.
1218 724 1307 804 167),

164 810 368 890 rRuctotfrnn
383 811 475 893 requi
491 810 662 875 iri-radendi
678 810 870 875 occasionem
882 808 1081 889 quaesivisse,
1092 814 1165 889 post
1177 808 1308 887 Ruetotfi

185 899 367 963 electionem
397 899 517 981 scripta
545 899 619 963 87777.
679 899 771 964 Ρα777
804 896 899 962 etiam
928 903 1001 960 ante
1031 897 1163 976 antotfi
1193 898 1308 961 obitum-

186 985 353 1068 (a.1080‚
382 987 446 1052 Oct.
467 989 522 1071 15)
554 989 637 1052 7777777
666 987 782 1051 libr-um
813 986 986 1064 confectam
1014 1007 1088 1066 esse,
1120 1007 1189 1051 cum
1219 1006 1307 1050 nemo

184 1098 251 1140 non
274 1077 393 1140 sentiat
416 1077 620 1158 Lanqrertnm
642 1075 712 1139 oieo
735 1075 876 1154 Rutiotfo
898 1072 1061 1155 scripsisse
1084 1080 1112 1138 et
1134 1075 1308 1156 sperauisse

184 1164 283 1229 turias
306 1187 439 1246 requam
453 1164 534 1243 felia
548 1164 750 1245 faustumque
764 1164 910 1242 futternm
925 1184 1000 1227 esse.
1039 1162 1084 1225 Et
1106 1163 1135 1226 si
1158 1164 1305 1245 7777777777,

149 1255 271 1334 ioquoci
293 1253 361 1316 iam
384 1275 448 1317 non
470 1253 507 1316 in
530 1252 659 1317 7777777777
675 1251 784 1317 eocari
800 1257 910 1334 potest,
935 1250 1140 1331 Lanqrutum
1155 1252 1212 1318 7777
1227 1252 1307 1316 libro

183 1342 353 1422 studuisse,
384 1347 419 1405 777
440 1341 593 1423 probaret
615 1341 791 1419 liudolfum
815 1340 895 1404 iusto
918 1339 988 1403 iure
1011 1360 1049 1403 ac
1071 1340 1182 1403 merito
1204 1362 1307 1422 reqem

184 1430 315 1494 eiectum
339 1451 413 1510 7887,
443 1430 500 1494 hoc
523 1436 642 1493 mortuo
665 1430 727 1494 tale
751 1428 916 1493 consili-um
946 1426 1017 1509 capi
1047 1449 1112 1491 non
1135 1429 1307 1510 7777778877,

183 1519 264 1600 quin
288 1517 384 1582 etiam
406 1518 481 1583 777777
503 1517 604 1582 conici
627 1523 733 1599 posset
756 1518 856 1599 panto
880 1522 954 1598 post
976 1516 1108 1595 Riedotfi¹
1131 1517 1307 1582 electionem

184 1613 345 1670 auctorem
369 1609 413 1671 7777
434 1608 517 1672 teano
539 1606 655 1670 librum
678 1605 935 1671 conscribentium
957 1626 1139 1685 aqqressnm
1154 1628 1228 1670 7887.
1264 1608 1308 1671 Er

148 1718 175 1756 1⁵
183 1696 242 1759 77777
265 1696 392 1776 quictem
414 1702 553 1759 7777777777
575 1694 775 1759 narrationis
797 1696 891 1759 uerba
914 1693 1217 1774 suaderentque,
1242 1696 1306 1777 qai-

185 1785 242 1847 bns
263 1805 356 1865 papa
372 1782 574 1865 quincu'pibus
596 1786 765 1847 ricaruiasse
788 1782 913 1860 (77777777,
945 1786 985 1844 ut
1010 1829 1017 1843 .
1043 1829 1050 1844 .
1074 1805 1180 1867 regno
1205 1786 1306 1848 Fran·

185 1894 304 1937 eorum
329 1894 466 1956 quaqua
489 1874 622 1956 possint
644 1874 777 1937 ratione
798 1872 1030 1947 moderentur,
1056 1872 1164 1937 donee
1182 1920 1189 1934 .
1208 1920 1215 1934 .
1232 1875 1305 1956 ipse

184 1963 303 2025 venire
327 1966 363 2026 et
388 2008 446 2023 ...
471 1963 553 2044 quid
578 1962 835 2024 utilitati
861 1960 1030 2043 expediat,
1058 2007 1065 2021 .
1090 2008 1097 2021 .
1123 1963 1305 2027 decernere

185 2051 305 2134 possit.
364 2051 439 2113 Non
468 2051 583 2113 absone
614 2049 698 2114 crecti
722 2054 827 2130 posset
858 2048 933 2111 777777
963 2046 1082 2128 scripta
1112 2071 1190 2128 7887,
1221 2056 1305 2114 777777-

145 2159 282 2219 requam
299 2160 390 2219 papa
413 2137 526 2201 omisso
549 2137 652 2202 87777777
672 2137 706 2202 in
727 2135 936 2201 Germaniam
953 2136 1180 2216 proficiscendi
1201 2138 1314 2219 ibique

183 2247 273 2307 rcqes
303 2225 504 2291 diiraticanrti
534 2248 550 2290 7
574 2226 742 2306 provincia
765 2224 908 2289 Aemilia
936 2224 1072 2287 Romam
1101 2233 1306 2290 reverteretur

186 2315 350 2394 (77.1077,
375 2316 459 2395 71779.
485 2315 596 2397 Sept),
620 2314 668 2378 777
684 2314 801 2396 potins,
826 2320 995 2394 antequam
1019 2318 1129 2378 auctor
1151 2337 1219 2378 eum
1244 2316 1304 2379 Ro·

183 2424 270 2465 mam
295 2424 453 2467 reuersum
477 2424 542 2467 esse
563 2402 665 2483 sciret,
690 2424 725 2466 eo
748 2409 893 2484 sperante
915 2423 1035 2484 papam
1058 2403 1157 2483 pardo
1174 2411 1248 2484 post
1271 2404 1307 2467 777

188 2491 401 2556 Germaniam
424 2494 632 2555 act-eenturnm
647 2513 721 2555 esse.
762 2492 826 2556 Sea
848 2512 917 2555 cnm
940 2490 1009 2554 iure
1032 2491 1174 2554 7777777777
1190 2499 1304 2572 posset,

146 2602 262 2644 78777777
285 2580 343 2645 troc
366 2580 505 2661 anqitum
529 2601 605 2661 opus
628 2578 714 2644 777777
737 2579 839 2661 spatio
863 2579 1018 2643 iriensium
1041 2580 1143 2642 Mart.
1168 2617 1212 2623 —
1240 2582 1304 2645 Oct.

183 2690 216 2731 a.
237 2674 333 2731 1077.
352 2668 469 2749 perfici
492 2668 654 2749 potu-isset,
685 2669 741 2733 7777
771 2675 874 2731 tamea
903 2689 1057 2750 apparere
1084 2668 1216 2747 uidetur,
1248 2670 1305 2732 itia

182 2757 279 2820 certia
310 2778 374 2820 non
398 2763 470 2838 post
500 2758 634 2820 alteram
663 2756 1014 2821 77777777777777777777777777777
1042 2756 1193 2821 Heinrici
1222 2757 1306 2839 reqis

183 2843 231 2918 (a.
251 2851 346 2924 1080,
371 2845 474 2908 Mart.
491 2848 525 2927 7)
549 2844 667 2926 scripta
691 2867 763 2922 7887,
789 2867 853 2926 qua
875 2866 982 2909 rerum-
1005 2850 1105 2908 87777778
1127 2845 1174 2908 ita
1196 2845 1305 2909 77777777·

181 2939 268 2996 tatus
298 2941 352 3013 est,
384 2940 418 2997 777
440 2955 563 3014 papam
594 2933 626 2996 in
655 2933 864 2998 Germaniam
894 2936 1102 2997 arteeutmum
1129 2956 1193 2998 7887
1216 2956 1305 2998 7777777

142 3021 314 3103 soopinari
331 3028 447 3102 posset.
488 3021 671 3085 Constitutis
687 3022 786 3102 iqitur
802 3022 946 3086 7777777778
971 3019 1016 3094 (a.
1034 3028 1127 3102 1077,
1145 3023 1247 3086 Mart.
1264 3058 1303 3066 -

186 3116 282 3190 1080,
300 3111 431 3191 Mart),
456 3109 540 3174 inter
555 3112 790 3192 quosAnnatcs
807 3111 964 3192 perfectos
985 3133 1049 3174 esse
1065 3117 1162 3191 patet,
1187 3114 1303 3175 (7777777777

182 3198 263 3261 7777777
280 3219 472 3279 persuasum
495 3220 569 3279 7887,
593 3201 677 3279 quoii
696 3200 833 3277 Letarttr
849 3222 885 3281 qr.
903 3205 952 3263 22.
981 3199 1099 3263 censuit
1109 3200 1129 3278 ³,
1155 3200 1304 3280 Lauqmr·

182 3294 248 3350 tum
274 3287 339 3349 iam
361 3310 392 3349 a.
413 3292 473 3350 107
479 3292 508 3349 7.
532 3289 577 3351 aci
598 3309 649 3351 eos
677 3288 914 3352 conscribendos
942 3308 1133 3369 aqqressma,
1164 3294 1219 3349 77777
1249 3289 1305 3352 troo

181 3381 239 3438 77777
261 3382 406 3455 sequente
430 3396 517 3439 ariao
540 3397 591 3440 eos
613 3379 658 3440 acl
679 3378 776 3455 finem
799 3377 1000 3441 mictrcar'sse⁴.

144 3604 210 3666 3⁵1)
230 3602 339 3654 ‘DKZJ
357 3603 395 3655 od.
417 3606 439 3656 1.
460 3602 520 3666 tlt,
537 3621 565 3669 p.
581 3606 659 3657 1003.
678 3610 700 3653 et
720 3621 774 3669 sqq.
794 3604 850 3656 7777.
895 3603 959 3654 Vide
985 3605 1061 3666 infra
1084 3621 1112 3670 p.
1133 3605 1196 3666 155,
1223 3604 1239 3656 7.
1260 3606 1303 3657 27.

182 3677 210 3733 2)
230 3672 312 3723 Hunc
330 3674 413 3724 locum
434 3674 597 3724 Giesebreeht
615 3674 631 3725 7,
646 3673 661 3726 i.
683 3676 736 3724 iam
756 3675 855 3726 attulit.
955 3675 982 3740 3)
1005 3674 1092 3740 Neque
1115 3681 1203 3726 77777777
1220 3691 1305 3739 777977-

182 3751 299 3793 777777777777
318 3746 375 3794 eius
393 3744 521 3809 approbo,
542 3744 715 3809 Lomanrum
728 3751 788 3795 ante
801 3745 899 3795 (7777777777
914 3745 1032 3796 Ebbonis
1043 3747 1160 3811 episcopi
1177 3746 1210 3812 (†
1224 3748 1247 3798 lt
1252 3748 1302 3808 778,

182 3814 256 3864 Jtaa·
273 3818 312 3879 ir),
339 3817 486 3880 scripsisse,
512 3831 571 3865 oum
596 3817 708 3866 7777877777
734 3818 827 3866 mortis
853 3817 934 3866 77777778
958 3831 1011 3866 aon
1030 3818 1184 3867 insertionem
1204 3818 1302 3878 7777777.

181 3887 209 3948 4)
235 3887 311 3948 Quod
337 3886 501 3937 Gammake
525 3885 540 3938 7,
562 3885 577 3938 l.
606 3892 698 3948 77777777,
723 3886 808 3936 7777778
833 3903 859 3939 a.
882 3890 958 3948 1070,
986 3888 1064 3949 infra
1088 3906 1115 3953 p.
1136 3890 1196 3951 271,
1224 3888 1241 3940 I.
1260 3890 1302 3939 31.

145 3959 300 4008 ratractum
326 3960 368 4007 iot
390 3956 467 4007 annis
487 3955 588 4007 bellum
608 3955 782 4021 Saxonicum,
810 3957 928 4007 7777777777
946 3957 1129 4022 Lanqiemum,
1157 3974 1213 4007 cum
1241 3958 1304 4008 777777

180 4027 314 4091 scriberet,
343 4029 396 4077 iarn
422 4029 568 4092 respexisse
591 4029 736 4078 certamina
756 4029 827 4092 rcqis
846 4034 868 4077 77
887 4028 1024 4078 Saronicus
1044 4044 1069 4080 a.
1086 4031 1163 4082 1077.
1182 4034 1205 4078 77
1227 4031 1302 4082 1078.

182 4100 291 4147 minime
316 4098 430 4150 7777777777.
467 4098 538 4147 Saue
563 4098 625 4148 hace
650 4104 705 4147 777777
730 4115 755 4150 a.
772 4100 849 4159 1077,
876 4115 934 4147 enin
960 4099 1054 4148 7777777777
1080 4100 1243 4149 Sarom'eum
1270 4100 1303 4148 ab

181 4185 207 4221 a.
228 4170 305 4221 1073.
329 4173 429 4233 ¹caeritum
455 4175 526 4232 78877,
552 4185 633 4233 quam
659 4186 684 4221 a.
700 4170 776 4223 1018.
803 4169 857 4219 77777·
877 4176 1035 4234 potueruut,
1058 4173 1219 4234 praesertim
1245 4187 1303 4219 cum

182 4241 334 4289 memineris
352 4240 524 4306 Lampertum
543 4240 685 4306 qnoclieem
704 4256 756 4290 7887
774 4240 810 4288 aa
827 4241 1020 4304 ariperlatioucs
1039 4247 1115 4304 atque
1128 4243 1300 4293 traiectiones.

1024 4343 1087 4397 ΠΙ*
