2842 5026
233 439 329 495 VITA
347 438 466 496 LULLI
484 438 664 496 ARCHIEP.
682 438 793 496 AUOT.
813 438 1033 498 LAMPnRTO.
1140 447 1193 499 327

62 627 170 688 retur
180 624 201 685 ¹.
248 623 309 686 Hii
341 624 418 690 duo.
455 626 495 685 ut
529 623 606 705 paci
641 625 677 687 et
709 623 912 687 concordiae
947 625 1192 745 prospicerent,

65 717 256 797 paternum
285 714 378 775 inter
407 732 443 774 se
474 711 640 774 diuiserea
673 731 828 795 regnum.
875 711 908 773 N
911 731 949 775 ec
1000 715 1119 776 tamen
1149 714 1193 776 ad

66 801 219 866 tutelam
244 801 338 884 pacis
361 801 397 863 id
414 800 546 863 factum
564 799 678 882 potnit
698 800 867 863 sufficere.
901 799 1192 878 Karlomannus0,

10 891 125 953 narir
149 890 273 954 ferocis
296 892 451 963 naturae,
475 891 571 951 totus
595 884 796 952 *ambitione
819 907 960 972 preceps
984 889 1192 972 rapiebatur,

42 994 186 1061 sueque
215 979 286 1041 irae
317 981 379 1039 aut
404 976 589 1060 cupiditati
619 996 701 1040 suae
732 971 971 1058 aliquatenus‘1
997 978 1194 1041 moderaba-

69 1070 141 1140 tur,
168 1066 363 1139 dnmmodo,
388 1066 497 1129 fratre
521 1065 640 1139 eiecto,
666 1065 758 1128 solus
781 1085 888 1147 regno
905 1066 1086 1148 potiretur.
1126 1066 1194 1130 Sed

72 1155 226 1218 Karolus
256 1155 343 1218 lenis
373 1153 505 1235 ingenii
528 1156 565 1216 et
594 1157 775 1236 provectae
803 1154 989 1216 admodum
1012 1154 1194 1237 gravitatis

72 1247 160 1308 erat.
188 1243 223 1305 ls
238 1244 382 1305 fratrem
398 1241 596 1306 iuveniliter
611 1240 884 1305 tumultuantem
901 1243 1069 1325 paciendo
1085 1243 1194 1326 magis

71 1352 178 1414 quam
207 1331 341 1393 iniuriis
365 1330 501 1393 obviam
530 1329 643 1393 eundo
674 1329 833 1411 mitigare
863 1330 1062 1394 conabatur.
1110 1331 1195 1394 Erat

38 1420 214 1503 mquidem
237 1424 312 1482 tum
336 1419 449 1501 gratia
472 1421 508 1482 et
528 1418 646 1482 favore
662 1419 770 1481 totius
794 1419 923 1502 populi,
947 1422 1024 1481 tum
1048 1420 1194 1503 propriis

71 1509 213 1579 viribus,
243 1510 320 1569 tum
342 1527 408 1569 usu
431 1509 467 1570 et
490 1507 616 1590 peritia
638 1507 688 1570 rei
712 1507 881 1584 militaris,
906 1511 982 1569 tum
1006 1508 1104 1591 copia
1127 1528 1194 1569 orn-

71 1597 171 1658 nium
201 1616 288 1679 quae
319 1595 419 1660 bellis
454 1598 626 1679 oportuna
656 1615 728 1659 esse
764 1594 878 1659 solent
907 1594 1056 1658 multum
1086 1596 1194 1659 fratre

70 1685 285 1748 instructior.
332 1683 453 1747 Mitius
482 1687 702 1747 tamencum
732 1684 842 1747 fratre
872 1684 1045 1765 agendum
1068 1683 1194 1746 iudica·

72 1773 149 1847 bat,
186 1773 318 1837 scilicet
352 1771 474 1835 maiori
508 1771 574 1835 sibi
609 1771 739 1854 gloriae
769 1772 861 1855 apud
892 1772 1005 1835 Deum
1037 1775 1072 1835 et
1102 1773 1194 1856 apud

40 1862 231 1925 uhomines
254 1860 329 1924 fore
353 1860 564 1936 existimans,
595 1861 623 1923 si
646 1861 761 1943 potius
784 1859 886 1922 fratri
917 1860 961 1922 ad
983 1862 1121 1943 tempus
1145 1880 1194 1924 ce·

73 1950 187 2023 deret,
216 1970 320 2032 qnam
343 1953 502 2032 acceptas
525 1968 546 2011 a
568 1949 677 2012 fratre
701 1949 843 2011 iniurias
868 1949 1014 2032 pessimo
1039 1947 1194 2031 exemplo

71 2038 190 2101 ultum
213 2039 289 2101 iret.
336 2037 369 2099 N
371 2058 409 2101 ec
432 2040 549 2100 tamen
577 2037 705 2100 idcirco
729 2036 986 2100 Karlomannus
1010 2037 1053 2100 de
1076 2036 1194 2100 feroci·

70 2130 148 2190 tate
184 2126 289 2189 animi
320 2126 503 2208 quicquam
538 2125 752 2201 remittebat,
789 2126 849 2189 sed
879 2124 1128 2188 tumultuosius
1158 2125 1194 2186 in

72 2216 149 2279 dies
179 2234 290 2298 agere,
321 2215 504 2298 rumpendi
527 2214 655 2278 federis
679 2214 874 2277 occasiones
897 2233 1049 2295 querere,
1080 2216 1195 2276 totum

30 2304 223 2385 ardenique
252 2303 358 2366 robur
387 2302 486 2385 regni
516 2302 569 2365 sui
599 2303 636 2364 in
660 2302 777 2365 odium
808 2304 911 2384 atque
940 2302 984 2365 ad
1009 2301 1195 2385 pernicicm

71 2393 194 2455 fratris
219 2391 416 2455 sollicitare.
463 2390 606 2473 Iamque
630 2411 670 2454 eo
694 2393 950 2474 processerant⁰
978 2389 1193 2464 inimiciciae,

73 2483 116 2543 ut
140 2473 202 2544 errf
224 2479 370 2544 occultis
394 2479 665 2543 detractionibus
689 2480 733 2542 ad
757 2482 912 2562 apertam
934 2479 1004 2542 vim
1028 2482 1063 2541 et
1087 2477 1196 2561 publi·

75 2590 154 2632 cum
171 2568 302 2632 bellum
325 2588 379 2632 res
403 2570 558 2650 spectare
573 2568 765 2642 videretur;
791 2570 949 2630 necerat
972 2567 1009 2629 in
1033 2566 1195 2650 ambiguo

75 2657 323 2720 dissensionem
361 2657 450 2719 hanc
489 2656 648 2719 luctuoso
687 2655 782 2719 exitu
820 2674 893 2718 esse
931 2655 1194 2719 terminandam.

37 2744 206 2809 cherum
237 2744 455 2828 periclitante
486 2746 551 2808 hoc
582 2744 684 2807 modo
714 2746 809 2807 statu
838 2743 889 2807 rei
919 2744 1078 2826 publicae
1109 2763 1196 2806 com·

76 2835 178 2898 mode
201 2834 303 2896 affuit
325 2833 559 2897 misericordia
582 2833 658 2896 Dei.
705 2832 795 2894 Nam
818 2831 1085 2905 Karlomannus,
1113 2832 1195 2895 dum

75 2923 179 2986 fratri
208 2923 369 2985 iamiamg
395 2941 491 2984 arma
519 2921 647 2984 inferre
671 2924 707 2984 et
728 2940 874 3004 regnum
905 2921 1058 3004 pervim
1080 2924 1194 2984 totum

74 3011 111 3074 in
136 3031 172 3075 se
191 3002 399 3074 transferreh
419 3009 608 3084 moliretur,
634 3009 831 3092 egritudine
854 3012 1040 3092 preventus
1062 3008 1266 3071 interiitm.

76 3103 112 3164 et
135 3099 268 3183 optimo
288 3100 360 3162 viro
376 3099 478 3161 fratri
502 3119 564 3162 suo
587 3098 740 3162 nefariae
764 3098 1030 3161 concertationis
1053 3096 1195 3160 necessi·
1317 3154 1319 3158 ,

42 3192 186 3253 atatem
210 3187 346 3263 exemit,
372 3187 510 3250 biennio
533 3187 606 3250 fere
630 3190 750 3270 postea
775 3206 877 3269 quam
901 3187 1000 3267 pater
1023 3185 1096 3248 eius
1120 3184 1195 3266 Pip-

75 3277 179 3360 pinus
195 3279 339 3339 naturae
356 3278 580 3340 concesserat.
611 3275 669 3337 Ita
684 3274 834 3337 Karolus
851 3273 1083 3356 principatum
1103 3272 1196 3334 solus

75 3357 265 3448 optinuit¹,
289 3365 342 3426 vir
364 3365 401 3426 in
425 3357 581 3427 bellicisk
607 3363 709 3427 rebus
739 3361 839 3425 valde
870 3365 1054 3425 strennuus
1085 3364 1121 3424 et
1151 3360 1196 3423 ad

76 3454 193 3516 omnia
216 3452 340 3534 quibus
365 3453 518 3515 animum
542 3444 739 3516 adiecisset¹
770 3450 1038 3513 efficacissimus.
1079 3447 1125 3510 Et
1147 3468 1196 3512 re·

75 3562 171 3616 vera,
204 3542 232 3604 si
259 3540 314 3604 vel
337 3541 455 3602 Titum
478 3540 614 3603 Livium
640 3539 696 3604 vel
720 3537 878 3622 Crispum
903 3537 1094 3601 Salustium
1123 3556 1196 3600 sua·

43 3651 154 3707 urum
188 3649 303 3693 rerum
338 3632 514 3712 gestarum
544 3628 745 3712 scriptorem
775 3629 898 3690 nactus
927 3626 1066 3700 inisset,
1103 3625 1197 3687 salva

76 3718 145 3782 fide
167 3717 321 3788 dixerim,
346 3717 437 3800 quod
453 3716 508 3781 vel
525 3716 610 3779 Iulii
628 3715 683 3780 vel
699 3715 850 3798 Augusti
867 3714 1001 3779 Cesaris
1016 3714 1072 3778 vel
1089 3714 1197 3778 cuius·

77 3806 165 3870 libet
187 3806 412 3869 illustrissimi
433 3805 582 3869 Romani
607 3805 825 3888 imperatoris
848 3804 994 3887 gloriam
1017 3807 1090 3866 tam
1114 3801 1198 3866 belli

78 3916 180 3978 quam
216 3895 309 3977 pacis
343 3894 475 3957 artibus
508 3897 718 3976 exequasset.
765 3893 925 3956 Elrrtant¹¹1
955 3892 1093 3975 quidem
1124 3891 1197 3954 eius

80 4091 101 4127 r}
116 4095 208 4132 regnum
223 4081 270 4126 div.
283 4085 315 4126 2⁸.
363 4084 386 4130 b)
400 4083 596 4123 Nec-sufficere
610 4095 651 4126 cm.
665 4081 699 4126 2¹³.
753 4081 1025 4130 c)1(arolomannurlr.l,
1040 4081 1070 4122 2⁸.
1119 4076 1142 4128 d)
1156 4078 1197 4117 all·

41 4136 186 4186 40quattnus
200 4139 225 4175 2·
238 4148 328 4186 emper.
382 4140 403 4184 a)
417 4142 533 4177 censerant
547 4137 578 4178 2¹.
640 4137 711 4187 oum.
726 4137 757 4180 2⁸.
818 4138 841 4184 g)
855 4137 898 4175 lam
913 4136 943 4176 2¹.
1002 4134 1026 4183 h)
1040 4133 1151 4173 tranferre
1165 4130 1198 4173 tl.

81 4192 95 4240 i)
109 4191 179 4231 obtin
193 4190 226 4233 2⁶.
281 4191 304 4238 k)
318 4191 342 4229 ln
356 4191 443 4230 beclllls
457 4190 490 4232 tl.
545 4191 560 4237 l)
574 4190 688 4230 iniecisset
702 4191 733 4233 2⁸.
787 4192 817 4237 m)
831 4189 929 4228 Exstant
942 4188 973 4230 2⁸.

84 4333 108 4397 1)
119 4331 319 4452 gpdclmgbcrba
333 4333 459 4398 leputatur
471 4334 499 4383 r'rr
512 4331 654 4398 Laruperu'
664 4331 731 4385 Irrat.
744 4330 928 4383 Heracldcnar's
939 4331 1100 4395 fracmenta,
1119 4325 1199 4389 infra

82 4421 123 4452 1)..
173 4440 215 4452 ..
269 4444 274 4452 .
