2842 5026
235 463 332 519 VITA
350 463 469 519 Luam
486 463 667 520 ARCHOEP.
686 464 797 522 AUCT.
816 464 1035 522 LAMPERTO.
1143 471 1196 523 333

72 647 158 711 ohos
190 651 287 723 esset,
320 650 545 730 suggererent
574 651 710 711 tantum
743 666 845 731 super
875 648 948 712 eins
979 648 1195 712 ordinatione

72 736 158 819 regi,
190 755 439 819 quemcumque
469 735 540 798 illis
571 736 692 800 diebus
723 736 925 818 contigisset
955 741 1112 819 preesse³
1145 738 1196 800 rei

72 823 214 909 puplice
225 825 246 885 ¹.
285 823 401 887 Huius
424 824 597 908 privilegii
620 844 682 888 nos
705 824 807 887 modo
832 845 943 888 cassos
965 828 1103 887 tanturn
1128 825 1196 908 api·

73 932 131 976 ces
165 916 324 976 tenemus
358 931 548 994 vanamque
586 913 752 995 pristinae
787 913 1004 976 auctoritatis
1038 914 1194 977 umbram

52 1020 289 1077 eveneramur,
315 1004 488 1065 caeterum
512 1001 673 1064 abbatem
697 1020 797 1083 quem
815 1002 987 1084 principes
1009 1021 1046 1065 re
1096 1002 1108 1063 i
1131 1002 1195 1064 ius·

72 1089 185 1153 serint
215 1088 413 1153 habemus2.
460 1089 519 1152 Ita
548 1092 673 1153 cuncta
702 1089 738 1151 in
769 1090 921 1153 deterius
943 1092 1052 1152 ruunt
1078 1141 1085 1164 ,
1117 1111 1195 1153 cum

71 1196 138 1242 nec
164 1177 281 1240 divina
304 1198 367 1241 nec
391 1178 544 1240 humana
567 1177 622 1241 lex
644 1177 760 1241 valeat
784 1177 876 1260 apud
900 1178 1090 1241 modernos.

184 1269 237 1327 20.
273 1265 372 1329 Inter
394 1266 480 1329 haec
503 1265 576 1328 viro
593 1264 658 1329 Dei
682 1266 835 1328 animum
859 1265 1009 1349 pulsavit
1032 1267 1197 1330 memoria

70 1352 181 1429 verbi,
213 1353 304 1436 quod
333 1354 364 1418 ei
387 1353 509 1418 beatus
533 1353 743 1429 Bonifacius,
772 1375 849 1417 cum
880 1355 915 1416 in
941 1354 1092 1417 Fmsiam
1123 1375 1196 1438 pro-

35 1441 263 1506 refectionem
293 1442 483 1519 moliretur,
515 1461 674 1525 supremo
705 1445 833 1506 mestus
865 1443 1020 1525 digressu
1043 1443 1197 1506 iniunxe-

70 1531 195 1605 rat⁰·⁸‚
219 1530 382 1594 videlicet
408 1533 450 1592 ut
471 1530 639 1613 virginem
664 1529 793 1594 Christi
816 1525 1002 1606 Leobaml,
1034 1551 1113 1594 cum
1141 1552 1196 1593 na·

70 1621 156 1683 ture
179 1618 335 1682 debitum
359 1619 566 1693 exsolvisset,
591 1619 627 1681 in
640 1619 825 1682 Fuldensi⁰
854 1620 1061 1683 monasterio
1084 1622 1195 1681 tumu-

71 1706 176 1772 laret.
223 1707 354 1771 Hoo*·⁴
378 1707 418 1771 ed
441 1707 629 1789 impensius
651 1707 864 1771 sollicitabat
893 1728 981 1782 eum,
1013 1708 1104 1790 quod
1133 1707 1196 1770 illa

71 1795 110 1858 in
135 1796 346 1880 decrepitam
370 1798 519 1859 aetatem
542 1789 741 1878 vergebaas,
765 1798 801 1859 et
824 1796 937 1878 ipsum
953 1796 996 1859 de
1012 1816 1094 1859 suae
1117 1816 1196 1878 quo·

36 1905 63 1946 n
72 1903 143 1966 qne
174 1885 293 1947 mortis
315 1883 464 1947 vicinia⁸
489 1883 638 1966 suspicio
668 1884 736 1946 iarn
768 1883 929 1947 habebat.
976 1883 1022 1946 nt
1045 1904 1081 1948 re
1104 1905 1194 1957 vera,

73 1972 105 2035 si
127 1965 223 2056 ipse¹¹
250 1972 343 2056 prior
366 1971 574 2047 excessisset,
605 1972 807 2055 superstites
837 1992 975 2054 gravem
1006 1993 1046 2036 ac
1076 1972 1196 2036 intole-

74 2060 224 2124 randum
240 2060 332 2123 hunc
348 2060 503 2124 habituri
519 2063 618 2124 erant
641 2060 804 2136 laborem,
829 2063 870 2122 ut
894 2080 1017 2143 corpus
1036 2060 1195 2136 hominis,

74 2148 160 2213 licet
176 2148 365 2223 clarissimi,
391 2167 451 2231 per
466 2150 567 2210 tanta
589 2152 759 2212 terrarum
783 2149 901 2231 spacia
922 2149 1195 2212 transveherent.

75 2235 268 2301 Consulens
291 2237 408 2318 itaque
431 2256 544 2300 rerum
570 2236 782 2311 difficultati,
810 2236 1029 2300 familiariter
1053 2256 1197 2299 eommo-

38 2325 156 2388 sonnit
186 2345 270 2399 eam,
300 2327 342 2387 ut
371 2325 408 2387 in
438 2324 513 2388 loca
543 2324 601 2387 Mo
626 2326 741 2389 antiae
772 2325 928 2409 proxima
957 2317 1196 2400 concederet¹‚

28 2412 144 2477 rahoo
174 2413 275 2477 modo
304 2413 358 2476 sui
379 2346 626 2495 ‘quandoquel
645 2413 778 2476 funeris
807 2413 1023 2477 curatoribus
1047 2412 1197 2475 multum

75 2500 206 2564 laboris
239 2501 424 2565 remissura
432 2501 454 2562 ⁵.
512 2500 618 2563 Haud
658 2521 754 2564 mora
788 2501 920 2573 annuit¹
945 2500 1007 2564 illa
1042 2502 1196 2565 monenti

76 2594 182 2672 atque
204 2590 241 2651 in
264 2589 378 2653 locum
402 2589 458 2653 oni
480 2609 606 2653 nomen
625 2592 678 2653 est
694 2583 971 2654 Scoranesheim¹
995 2609 1031 2654 se
1047 2589 1197 2654 contulit

76 2677 194 2761 ibique
218 2697 406 2760 paucarum
428 2676 696 2760 religiosarumm
712 2679 898 2742 admodum
922 2679 1104 2742 mulierum
1121 2698 1197 2742 con·

40 2766 239 2830 ntnbernio
254 2768 365 2841 utens,
389 2765 558 2848 reliquam
575 2769 725 2830 aetatem
741 2766 971 2830 anterioribus
987 2767 1085 2829 annis
1103 2766 1196 2829 haud

186 2954 214 3022 *)
237 2955 359 3021 Rels'qus's
376 2955 459 3006 tuisse
476 2956 573 3023 capite
590 2956 703 3019 omnen,
720 2956 759 3008 ed.
773 2955 876 3009 Looon.
889 2955 980 3007 babet:
998 2953 1072 3021 quod
1091 2958 1118 3007 et
1137 2953 1196 3006 dili·

238 3029 335 3094 genter
352 3024 502 3078 secundum
521 3024 578 3078 eius
596 3024 802 3093 dispositionem
821 3025 1000 3094 adimpletum
1018 3024 1085 3079 est‘.

77 3205 100 3249 a)
114 3212 220 3251 euperecr.
231 3205 249 3245 1.
289 3202 313 3250 b)
327 3207 381 3241 runt
393 3213 452 3245 corr.
461 3205 530 3241 runnt
544 3205 562 3244 l.
604 3204 625 3250 c)
639 3202 761 3241 inunxerat
774 3204 811 3253 ²¹3
826 3203 932 3241 lnnxerst
945 3201 991 3244 vld.
1005 3206 1031 3241 nt
1044 3201 1100 3250 virg.
1114 3212 1155 3242 em.
1166 3203 1197 3243 1⁸.

77 3252 102 3302 d)
116 3255 199 3295 liobam
213 3255 245 3297 1¹.
299 3258 321 3302 a)
334 3265 393 3296 mon
407 3252 471 3296 rurs.
485 3256 563 3294 liuere
577 3255 598 3298 b.
612 3267 626 3295 a
639 3265 745 3304 supe-scr.
759 3266 816 3297 corr.
831 3253 895 3297 Pnld.
909 3266 968 3296 rnen
983 3257 1002 3303 l,
1017 3259 1037 3293 et
1050 3255 1083 3294 isa
1098 3256 1129 3292 1··
1136 3253 1155 3295 b.
1165 3254 1197 3296 2¹.

43 3309 96 3355 300
109 3308 208 3358 urgebat
220 3308 253 3351 2⁵.
319 3311 344 3358 g)
361 3309 392 3346 ric
405 3308 442 3358 ²⁸5
464 3308 548 3348 niclnlo
563 3310 582 3351 1.
596 3307 653 3351 Μ.
721 3309 745 3354 h)
764 3309 826 3357 prior
839 3309 888 3356 lpse
902 3308 933 3350 2⁸.
1000 3309 1017 3355 1)
1030 3317 1073 3347 con
1086 3318 1129 3346 eos
1143 3308 1198 3345 eatis

73 3362 215 3410 per-epicam
229 3363 248 3411 1,
264 3365 322 3410 poet.
341 3372 419 3399 mem
436 3361 512 3400 cerui
528 3373 585 3404 corr.
661 3361 684 3408 k)
702 3373 746 3409 que
763 3371 868 3410 marm.
883 3363 901 3403 l.
976 3360 992 3408 l)
1009 3361 1147 3400 nernesheim
1165 3360 1197 3402 2⁵.

77 3418 109 3462 m)
122 3414 257 3455 feminarum
271 3412 334 3462 odd„
347 3415 385 3453 sed
398 3415 439 3457 del.
450 3417 468 3457 l.

78 3573 106 3641 1)
125 3573 210 3624 Nihil
225 3574 325 3640 lmitur
342 3574 372 3625 in
388 3574 499 3626 audac
516 3573 658 3641 diplomate
675 3589 756 3640 nque
774 3574 804 3622 in
821 3575 984 3639 sequentium
1002 3587 1095 3637 repam
1109 3572 1199 3637 prior·-

77 3645 257 3711 lepis'aquod
281 3645 366 3697 vebis
391 3646 569 3713 suggererent
594 3674 628 3683 -
653 3643 694 3697 rei
719 3642 827 3712 puplice
851 3645 994 3697 moventur.
1029 3643 1143 3694 Danum
1168 3643 1198 3692 in

43 3715 221 3782 eediplomate
233 3715 358 3766 Helas-isi
372 3715 402 3771 V.
421 3716 484 3767 dato
502 3732 529 3770 a.
539 3717 617 3779 1112,
631 3715 691 3770 lan.
703 3718 734 3769 11
754 3715 807 3779 (st.
820 3715 913 3779 3083),
931 3716 1008 3765 ouius
1020 3729 1120 3779 magna
1128 3728 1199 3778 pars

77 3803 112 3838 ea·
129 3786 213 3838 huius
231 3787 307 3838 Vitae
323 3801 345 3841 e.
360 3788 401 3841 16.
415 3789 458 3841 19.
476 3786 513 3836 ad
531 3785 636 3837 vebum
654 3786 787 3852 &compta
805 3790 850 3850 est,
870 3784 934 3836 baec
951 3799 1053 3851 quoque
1070 3785 1198 3836 samnia

77 3858 141 3909 hinc
158 3857 292 3924 descripta
310 3857 416 3923 legitur.
506 3856 535 3923 2)
555 3856 599 3919 Cf.
615 3857 706 3924 praef.
797 3856 826 3923 3)
845 3855 938 3923 Supra
956 3870 976 3908 e.
990 3856 1016 3911 6.
1105 3854 1135 3921 4)
1154 3854 1199 3906 Se-

77 3929 188 3995 pantio
206 3956 241 3965 -
259 3926 333 3979 haud
351 3927 484 3995 imparem
503 3925 594 3996 exegit
614 3943 648 3979 eo
667 3928 729 3978 Vita
746 3927 775 3980 S.
795 3926 894 3979 nasa
911 3943 932 3980 c.
947 3929 989 3981 19.
1079 3925 1107 3991 ὁ)
1127 3924 1199 3976 Haec

78 4000 164 4066 mepte
181 3999 253 4049 docta
270 4004 342 4063 sunt,
361 4014 421 4049 acm
433 3997 620 4051 Sobombeim
639 3997 745 4062 begins
762 3998 841 4049 distet
853 4013 870 4047 a
883 3997 973 4048 Fulda
985 4011 1066 4062 quom
1080 3995 1199 4046 Tanar-

42 4084 69 4122 so
78 4068 273 4133 bacbofsbeim,
289 4068 338 4120 ubi
348 4069 436 4120 Lecta
452 4083 480 4120 eo
496 4083 578 4136 usque
592 4074 699 4121 morde
712 4074 756 4121 cet.
780 4068 871 4134 Neque
882 4067 914 4119 ob
925 4082 1034 4118 samm
1047 4066 1080 4116 ab
1092 4071 1200 4116 audon

77 4141 244 4207 suppositam
256 4139 355 4192 Mus
372 4142 397 4191 ei
414 4140 461 4192 boe
477 4141 572 4190 masii.
610 4139 759 4205 Diplomote
781 4154 866 4204 supra
881 4154 911 4204 p.
925 4141 986 4201 332,
1004 4153 1031 4191 n.
1046 4140 1070 4190 1.
1089 4135 1199 4186 laudato

79 4211 201 4262 Karalus
213 4210 253 4266 Μ.
265 4210 356 4262 vinam
368 4210 563 4274 Sclwrnebeim,
581 4226 663 4276 quam
675 4209 763 4260 Lara
776 4224 829 4274 per
845 4209 902 4260 eius
920 4208 1071 4271 beneficium
1089 4205 1198 4268 metat,

79 4283 239 4333 monasterio
251 4281 437 4344 Herefeldensr'
446 4283 564 4344 donavit
583 4283 612 4332 in
628 4282 817 4348 poseoenonem
834 4280 892 4332 eius
905 4284 966 4345 post
978 4283 1086 4330 marem
1098 4275 1200 4328 Lectae

79 4352 229 4408 cedendam.
336 4352 364 4420 6)
387 4352 467 4416 Haec,
492 4367 526 4404 ne
550 4351 675 4403 mmacbi
690 4350 836 4402 thieress
853 4349 1061 4415 offenderentur,
1087 4347 1199 4413 rdc'qur's

44 4424 194 4487 uomens,
212 4429 317 4474 mama
333 4438 388 4476 esee
404 4423 536 4477 eidem
