2842 5026
73 485 128 539 aar
352 474 763 535 murmuremus.
798 474 938 564 arma

1 666 294 728 ‚0⁷5.uterentur⁸.
340 660 505 727 Preterea
527 659 740 738 aecclesiam,
768 680 875 744 quarn
896 658 1038 725 noviter
1060 656 1136 741 ipse
1156 676 1199 723 ex·
1224 716 1226 721 .

76 743 275 828 amaseni,
308 750 385 815 loco
408 749 537 815 celebri
565 748 604 813 in
626 748 750 815 mediis
773 750 842 814 huc
866 750 905 815 et
925 746 1015 812 illuc
1038 745 1197 813 diversor

76 841 166 903 tium
196 840 377 904 turbarum
405 838 570 903 fluctibns
599 837 703 902 sitnm
732 858 797 905 noc
827 858 849 902 a
879 836 1012 901 maiore
1041 833 1194 903 ascalonis

78 927 359 1013 Babenbergensi
389 926 468 1011 plus
498 925 621 991 XXX⁰
649 926 808 1012 passibus
838 925 1065 1010 disparatam,
1096 922 1191 993 multo

77 1017 212 1083 clericis
241 1016 500 1101 oportuniorem
530 1034 605 1081 esse
634 1035 738 1099 qnam
761 1013 959 1091 monachis;
990 1012 1052 1098 qui
1073 1004 1226 1097 militas!

1 1106 253 1183 rammonaohi,
285 1125 364 1169 cum
394 1098 717 1170 abhominationesd
750 1102 972 1189 Eglptiorum
1002 1100 1182 1171 immolas·

77 1195 265 1259 iubeantur
295 1193 435 1257 domino
465 1190 542 1259 Deo
571 1212 644 1269 sno,
680 1192 813 1258 secerni
843 1214 866 1257 a
895 1190 1180 1275 multitudinect,

78 1284 169 1348 sicut
198 1282 366 1366 scriptum
396 1285 459 1359 est,
489 1281 582 1346 riam
611 1280 719 1346 trium
748 1282 883 1348 dierum
911 1280 965 1345 ire
994 1278 1182 1351 debcantin
1224 1282 1226 1293 '

80 1371 314 1448 solitudinem,
339 1390 393 1447 ne,
418 1370 448 1433 si
471 1390 521 1448 ea,
546 1390 634 1454 quae
657 1369 780 1434 colunt
805 1372 842 1435 et
864 1368 979 1454 prima
999 1368 1126 1433 ducunt
1141 1392 1181 1439 ss·

79 1460 226 1537 culares,
266 1458 467 1525 immolent⁰
508 1479 623 1523 coram
661 1458 771 1525 oculis
806 1478 940 1535 eorum,
980 1457 1180 1535 mandat-ti

78 1548 254 1633 lapidibus
271 1548 470 1613 irrisionum
486 1567 626 1612 suarum
641 1548 793 1613 obruant
808 1550 844 1612 et
857 1545 1034 1611 infament
1048 1552 1177 1623 sanem

78 1642 114 1703 et
152 1636 378 1722 apostolicam
411 1637 531 1700 vitam.
589 1634 627 1701 Si
661 1634 737 1701 Deo
770 1634 980 1700 familiarius
1012 1634 1174 1711 adhersm

79 1726 240 1790 monachi
262 1728 440 1809 tamquam
457 1725 636 1790 honestior
658 1728 695 1791 st
717 1722 900 1790 sublimior
920 1723 1036 1809 portio
1051 1729 1172 1811 corporh

80 1814 221 1891 Christi,
252 1835 323 1880 non
351 1813 482 1879 idcirco
511 1812 655 1879 clericos
683 1816 862 1897 tamqnam
884 1812 1041 1877 membra
1062 1815 1171 1897 putrih

80 1904 219 1988 penitus
242 1895 492 1968 abscidendos‘
511 1922 584 1967 esse
606 1901 651 1968 ab
674 1901 852 1979 aecclesia,
871 1900 964 1986 quia,
984 1900 1066 1967 ficet
1079 1902 1170 1975 stellae
1191 1982 1194 1987 ,

7 2016 69 2066 an.
81 1993 124 2057 ab
141 1991 252 2057 stellis
268 1991 434 2056 differant
456 1991 495 2055 in
510 1990 681 2069 claritate,
706 2011 811 2056 unam
833 1994 953 2057 tumen
969 1988 1057 2057 caeli
1075 1990 1169 2063 facien

80 2081 321 2146 decentissime
344 2080 563 2165 distinguant
585 2099 649 2144 sua
670 2080 854 2157 varietate;
885 2082 923 2145 et
944 2077 1030 2144 licet
1050 2080 1170 2149 membro

14 2156 232 2254 ⁶⁴,',·‚disparia
265 2170 336 2233 sint
371 2172 407 2234 et
441 2168 513 2233 suis
543 2168 681 2253 singula
709 2168 834 2234 functa
868 2166 1009 2244 officiis,
1042 2170 1169 2237 conum

78 2262 211 2336 tamen,
250 2258 334 2323 licet
372 2257 515 2343 dispari,
551 2257 726 2322 famulatu
763 2256 1009 2322 necessitatem
1042 2255 1169 2341 explent

79 2348 182 2411 unius
198 2348 420 2431 eiusdemque
436 2345 598 2431 corporis.
634 2344 825 2431 Episcopus
848 2365 913 2411 nec
935 2343 1072 2411 ratione
1091 2366 1190 2415 mores

79 2437 183 2501 batur
199 2456 263 2501 nec
279 2436 543 2520 supplicatione,
564 2454 719 2501 asserens
735 2435 913 2512 honorem,
933 2453 1039 2518 quom
1052 2434 1169 2501 duim

62 2525 267 2601 'monachia
292 2526 329 2588 in
345 2523 443 2589 nullo
459 2523 676 2608 preiudicare
692 2523 835 2597 clericis,
860 2523 954 2587 bona
970 2526 1092 2597 autern,
1108 2542 1170 2607 quts

79 2614 116 2677 in
140 2636 221 2677 usus
245 2634 436 2697 pauperum
460 2613 598 2697 proprio
622 2611 740 2677 labore
764 2612 1004 2696 congessisset,
1033 2611 1085 2674 sui
1103 2611 1170 2685 imis,

80 2704 133 2766 sui
148 2703 336 2766 arbitratus
352 2722 435 2775 esse,
455 2706 572 2765 utrum
589 2700 723 2766 clericis
739 2701 937 2766 attitularet
953 2722 1000 2763 an
1016 2700 1173 2763 monachis.

82 2791 208 2855 Clerici
232 2795 266 2855 et
290 2792 408 2874 inopia
431 2790 596 2854 familiari
620 2794 656 2854 et
678 2790 889 2874 indignitate
912 2790 964 2853 rei
982 2789 1199 2854 vehementes

80 2880 274 2944 exacerbati
297 2880 388 2962 regis
413 2883 448 2944 et
464 2878 617 2943 omnium
641 2879 837 2963 principum
860 2878 960 2961 regni
984 2898 1084 2942 aures
1105 2882 1179 2960 quot

79 2970 236 3032 tidianul
269 2968 540 3052 proclamatione
575 2959 837 3032 obtundebant¹¹
872 2987 934 3051 pro
970 2966 1098 3029 iniuria
1126 2986 1184 3031 sua

80 3057 234 3140 Cumque
265 3056 354 3120 nihil
384 3077 529 3139 usquam
559 3050 669 3140 opis¹,
701 3056 789 3119 nihil
817 3055 890 3140 spei
913 3057 1014 3133 esset,
1046 3054 1132 3120 versi
1152 3054 1188 3119 ad

79 3146 328 3210 validissimum
358 3144 462 3218 illud,
495 3146 587 3228 quod
617 3146 654 3207 in
683 3138 825 3208 sanctak
858 3143 1028 3209 aecclesia
1061 3143 1191 3209 ultimae

79 3256 213 3319 semper
247 3235 463 3299 necessitatis
502 3233 649 3298 unicum
684 3255 757 3298 esse
792 3232 981 3317 presidium
1015 3231 1221 3309 consuerits

78 3325 222 3387 Romam
259 3327 421 3407 pergunt,
458 3317 511 3385 et¹
554 3323 704 3387 recitat-a
733 3323 918 3385 Romano¹¹¹
953 3321 1113 3405 pontifici
1144 3341 1197 3406 per

78 3414 233 3476 ordinem
253 3433 335 3475 suae
352 3411 560 3475 calamitatis
578 3411 733 3484 historia,
758 3410 970 3494 apostolicae
986 3410 1079 3474 sedis
1095 3413 1200 3494 patro

79 3502 207 3565 oinium
232 3505 353 3564 contra
376 3501 467 3564 tanti
491 3500 750 3564 calumniatoris
773 3499 975 3563 violentiam
1001 3497 1203 3583 suppliciter

79 3590 266 3672 implorant
278 3591 298 3650 ¹.
351 3591 459 3653 Adest
499 3589 601 3652 simul
636 3589 749 3653 tocius
784 3587 867 3653 oleri
902 3587 1205 3671 Babenbergensis

78 3750 101 3789 a)
115 3744 302 3783 niterenturBi.
357 3744 380 3795 b)
394 3750 463 3784 exstr.
478 3744 530 3787 132:
546 3744 688 3784 extrnrslnet
702 3742 762 3785 Blb.
823 3744 843 3789 c)
858 3742 951 3791 triginta
965 3742 1013 3781 Bt.
1071 3742 1094 3789 d)
1109 3742 1226 3788 abomint

78 3797 370 3843 A1;sbhomlnscesltl·.
412 3796 636 3848 annumeratas.
678 3793 978 3846 nemptodondosmba.
1019 3796 1206 3845 venetium

78 3850 155 3889 cottid.
170 3851 230 3889 131⁸.
238 3851 258 3889 2.
314 3851 337 3897 b)
350 3851 504 3890 obtendebant
518 3853 565 3889 Ar.
574 3852 598 3888 l·
611 3850 714 3895 (selred.
728 3860 788 3889 corr.
802 3846 973 3895 obtundebant).
1018 3850 1036 3899 l)
1049 3850 1100 3899 oph
1114 3850 1208 3901 (operis)

78 3905 136 3943 111⁸.
192 3904 448 3945 mecetnncnma
502 3903 575 3955 l)om.
592 3904 650 3943 131¹.
705 3902 908 3950 rumummoma

79 4029 194 4093 llflccc
213 4029 366 4080 deecclesia
390 4028 417 4082 S.
439 4028 529 4079 Iacchi
546 4028 642 4095 Lansp.
668 4029 698 4078 in
724 4027 813 4079 vnaius
838 4028 923 4079 nimis
940 4027 1046 4092 mulii,
1067 4032 1208 4094 tansquont

77 4101 140 4152 hacc
162 4103 309 4168 praecipua
334 4116 416 4152 causa
442 4099 546 4163 focaea,
575 4105 603 4149 ut
621 4098 806 4150 Ilers'masmus
829 4098 1012 4164 deponerem,
1039 4114 1100 4149 curn
1119 4104 1226 4152 tarum

78 4173 107 4223 in
132 4174 224 4223 crescitis
248 4171 372 4239 epistolis,
398 4186 467 4237 quus
492 4171 542 4221 huc
565 4170 597 4220 dc
617 4186 647 4221 rc
664 4171 830 4237 conscriptos
848 4169 982 4227 munaus,
1000 4168 1099 4221 codicia
1124 4168 1209 4221 Uriat-

76 4244 185 4306 rs'cr'cni,
200 4244 327 4307 &reperii
338 4242 398 4295 VII.
413 4242 540 4305 Rip-ascri,
558 4241 717 4293 collectionis
728 4241 904 4307 epistolarum
916 4256 933 4291 a
946 4240 1108 4304 Sudondorf
1121 4242 1209 4293 saum

76 4313 154 4364 nullo
172 4314 254 4365 lartius
271 4314 388 4365 corkaiae
405 4315 504 4365 anantio
522 4314 595 4377 facto
614 4315 658 4368 sit.
691 4312 775 4376 Infra
794 4312 843 4365 SS.
859 4310 889 4371 V,
903 4327 933 4377 p.
946 4312 1009 4366 244.
1027 4311 1093 4363 dicit
1106 4312 1207 4381 Lamp.

76 4384 224 4451 Poppormn
240 4386 425 4450 pracpmsitum
439 4383 679 4451 Bababrpsnom
691 4385 808 4435 maciem
819 4388 953 4435 cadmum
965 4383 1060 4447 fusim,
1079 4388 1110 4434 st
1123 4382 1209 4435 Heri·

78 4470 193 4505 sirannus
210 4455 392 4521 deponeretur.
429 4454 518 4522 Neque
536 4454 584 4507 boc
601 4456 669 4507 nuto
685 4460 784 4507 cer-tum
802 4454 914 4507 videtur.
1217 4472 1226 4508 s
