2842 5026
79 455 133 508 214
354 446 557 503 LAMPERTI
574 445 765 502 ANNALES.
801 445 838 502 A.
859 448 940 503 1075.

8 635 115 713 ornet
146 632 343 697 eventilatis
367 630 536 699 omnibus,
568 650 656 712 quae
685 632 786 693 tanto
816 627 910 693 malo
934 626 1128 692 remedium
1151 626 1203 690 ali·

7 709 172 805 ”’”)“(]ιιο(1
200 720 358 804 polliceri
381 719 598 782 videbantur.
646 717 733 782 Cum
760 717 861 781 nulla
888 737 1038 800 usquam
1068 715 1197 781 humani

80 810 200 873 auxilii
231 830 307 892 spes
338 809 504 881 eluceret,
536 810 697 870 statuunt
731 807 946 870 unanimiter
981 826 1003 867 a
1033 803 1109 868 Deo
1140 804 1193 870 sib'

81 900 242 981 deinceps
266 897 478 979 querendum
503 916 576 960 esse
600 894 803 972 subsidium,
835 895 894 977 qui
925 893 1023 958 solus
1053 897 1122 955 tam
1148 895 1188 960 ob·

80 988 244 1051 stinatam
275 986 365 1066 regis
395 985 614 1049 ferocitatem
645 983 800 1048 emollire
831 987 866 1048 et
895 1004 969 1046 rem
1002 981 1199 1066 implicitant

81 1075 242 1158 expedire
266 1078 404 1156 queste.
452 1072 582 1136 iubent
613 1093 703 1156 ergo,
735 1075 776 1135 ut
800 1093 861 1156 per
883 1075 998 1136 totam
1023 1069 1180 1141 Saronico]

81 1168 117 1227 et
140 1155 374 1244 Turingiaml,
407 1161 573 1244 depositis
597 1160 802 1224 cultioribus
824 1159 1074 1233 indumentis0,
1105 1181 1179 1232 saca

81 1256 117 1316 et
147 1252 255 1315 laneis
283 1245 510 1321 vestianturl,
542 1250 619 1314 cibo
650 1253 686 1314 et
715 1252 800 1333 potu
830 1250 975 1313 statutis
999 1248 1115 1313 diebus
1140 1254 1176 1319 rb-

82 1341 243 1415 stineant,
269 1342 446 1422 sumptus⁰
467 1339 503 1401 in
528 1359 696 1422 pauperes
719 1358 781 1422 pro
799 1359 862 1401 sua
885 1338 1031 1420 quisque
1053 1358 1088 1401 re
1105 1339 1175 1408 iani-

81 1429 158 1491 liari
189 1428 371 1492 conferant
401 1430 436 1490 et
467 1448 528 1510 per
555 1427 739 1491 aecclesias
769 1427 871 1489 nudis
902 1426 1049 1510 pedibus
1078 1427 1178 1497 discut
1192 1471 1220 1512 a

82 1520 196 1581 rentes
235 1515 347 1579 Deum
387 1516 560 1579 communi
599 1515 848 1580 lamentatione
887 1516 1119 1598 deprecentur,
1147 1528 1180 1589 ut

82 1626 222 1668 manum
246 1626 352 1675 suam,
385 1597 494 1687 quaer
521 1605 673 1668 humano
700 1603 827 1686 ubique
852 1607 1010 1667 cessante
1033 1603 1182 1677 adiutorio

82 1694 156 1757 sola
178 1694 246 1756 iam
271 1693 379 1776 possit
403 1693 568 1777 opitulari
598 1693 750 1776 undique
781 1692 962 1769 conclusis,
995 1692 1039 1755 ad
1061 1699 1183 1778 ereptis

82 1804 161 1846 nem
185 1803 303 1845 eorum
327 1783 501 1847 extendat.
541 1783 703 1846 Preterea
726 1781 850 1865 placet,
875 1786 916 1844 ut
933 1782 999 1857 die,
1025 1802 1089 1864 quo
1109 1788 1183 1870 mgis

83 1871 252 1935 exercitus
296 1871 394 1933 iuxta
440 1871 615 1953 publicam
660 1870 885 1935 indictionem
932 1871 968 1933 in
1008 1869 1211 1956 Bredingen„

83 1961 329 2022 coadunandus
360 1960 567 2037 conveniret,
599 1959 665 2043 ipsi
691 1960 728 2022 in
758 1958 834 2023 loco
863 1959 923 2042 qui
947 1959 1074 2023 dicitur
1094 1959 1181 2047 Lupe

83 2054 166 2111 zent
200 2069 257 2111 sex
293 2047 432 2111 milibus
468 2048 511 2112 ab
547 2047 596 2112 eis
631 2048 797 2131 disparati
832 2051 946 2111 castra
980 2047 1124 2113 locarent
1147 2062 1178 2119 et

83 2136 207 2199 iterum
233 2140 337 2218 atque
360 2137 486 2200 iterum
503 2137 660 2220 repetitis
678 2136 991 2219 supplicationibus
1015 2157 1108 2201 aures
1121 2142 1176 2208 eius

84 2229 118 2288 et
154 2225 347 2308 principum
384 2226 457 2289 eius
492 2225 739 2299 obtundentes,
773 2225 802 2289 si
833 2225 1045 2301 evincerent,
1075 2230 1172 2307 gratias
1244 2272 1248 2281 -

83 2313 167 2381 Deo.
204 2314 256 2376 sin
287 2318 417 2391 autem,
455 2315 489 2376 in
521 2315 640 2378 eodem
677 2313 752 2377 loco
781 2313 979 2378 venientem
1015 2315 1194 2397 prestolatus
1243 2344 1248 2383 :

84 2402 220 2466 collatis
245 2403 351 2484 signis
376 2403 559 2485 equissimo
582 2402 689 2466 iudici
713 2401 788 2466 Deo
810 2423 882 2467 rem
908 2401 1152 2468 committerent.
1244 2432 1248 2467 :

190 2492 444 2573 Superveniunt
468 2492 572 2555 etiam
597 2492 677 2554 hinc
701 2490 926 2563 Luticiorum,
959 2491 1040 2554 hinc
1063 2490 1171 2557 Poleno
1246 2518 1248 2552 :

83 2602 158 2641 rum
218 2581 349 2651 nuncii,
386 2602 481 2642 suani
517 2580 654 2662 utrique
689 2600 842 2662 operam,
877 2580 987 2642 socias
1018 2594 1173 2645 manasei

85 2690 181 2751 pares
213 2670 256 2731 ad
290 2674 428 2733 cuneta.
461 2690 548 2750 quae
580 2668 662 2732 belli
698 2668 830 2732 artibus
866 2669 1088 2750 transigenda
1118 2670 1174 2737 sint.

83 2758 214 2819 animos
236 2757 455 2838 pollicentes;
481 2761 517 2820 et
532 2757 624 2838 quod
648 2758 760 2840 parati
784 2758 854 2819 sint
871 2758 936 2827 die,
962 2750 1078 2839 quemi
1103 2757 1201 2822 Sama

84 2868 143 2908 nes
168 2847 434 2926 designaverint.
467 2850 676 2909 armatorum
702 2848 817 2929 copias
840 2867 940 2927 quarn
967 2846 1125 2909 maximas
1144 2844 1210 2914 ‘in's
1246 2910 1248 2917 ,

83 2935 264 2996 saxoniam
292 2936 439 3003 mittere,
465 2929 553 3005 vell,
579 2935 607 2996 si
632 2935 696 2997 hoc
721 2935 853 3003 malint,
884 2940 1006 2997 contra
1029 2935 1138 2999 Dauos
1157 2943 1185 3000 et

82 3023 167 3085 alias
192 3026 322 3102 gentes,
355 3044 438 3104 quas
462 3022 642 3105 vulgatum
674 3027 748 3086 erat
779 3024 821 3086 ad
853 3025 1079 3106 irruptionem
1105 3024 1187 3088 Saxo·

84 3113 159 3174 iriae
192 3134 211 3173 a
242 3133 322 3189 repe
354 3111 558 3174 sollicitatas
590 3133 671 3179 esse,
704 3106 887 3175 stationes¹
919 3113 1084 3195 iugesque
1108 3134 1191 3177 exeu-

83 3201 155 3262 bius
187 3205 301 3277 creant,
334 3205 374 3261 ut
405 3201 468 3262 hac
500 3205 598 3282 parte
629 3200 873 3263 sollicitudinis
904 3205 1093 3265 exonerent
1119 3203 1223 3267 aliasa

82 3294 266 3370 occupatos
280 3290 299 3349 ¹.
347 3289 423 3351 Hoc
456 3290 581 3352 mureio
613 3289 792 3371 paululum
824 3291 986 3353 recreatis
1011 3291 1134 3352 animis
1156 3292 1198 3354 di·

82 3378 197 3452 gressi.
223 3383 390 3458 <piantem
408 3379 572 3460 temporis
589 3382 765 3460 supererat
790 3380 957 3461 usquead
975 3379 1066 3443 diem
1085 3380 1201 3442 coadu-

82 3467 186 3527 nandi
212 3467 391 3533 exereitus,
418 3467 451 3528 in
477 3467 614 3529 ieiuniis
639 3471 673 3530 et
690 3466 817 3546 vigiliis
841 3468 994 3547 exigunt,
1021 3468 1204 3531 aecclesias

82 3554 244 3616 indefessi
269 3556 438 3630 obsident,
466 3556 498 3616 in
525 3556 637 3619 cinere
654 3555 857 3619 volutantur
881 3561 915 3619 et
936 3555 1059 3627 cilicio,
1087 3564 1205 3621 noctes

82 3642 223 3722 perinde
259 3665 297 3704 ac
335 3645 406 3706 dies
443 3644 601 3725 precibus
633 3645 825 3719 insumunt,
859 3644 993 3706 nullum
1031 3649 1240 3727 postremos

82 3730 257 3807 religionis
281 3752 398 3811 genus.
424 3733 515 3813 quod
540 3734 583 3795 ad
608 3733 813 3815 placandum
833 3731 945 3796 Deum
971 3733 1210 3799 ecclesiastica

82 3819 268 3880 traditione
293 3825 527 3902 comparatum
554 3822 607 3897 sit,
641 3822 912 3904 pretermittunt.
960 3822 1026 3886 Sed
1053 3823 1105 3885 ira
1131 3823 1209 3891 Dei.

170 2573 182 2613 li

80 4036 101 4061 ni
117 4031 197 4072 «presul
216 4027 298 4067 11112,
354 4028 376 4068 b)
390 4029 458 4068 'l'lrur.
476 4029 547 4069 arc,
599 4029 781 4073 e)ve.-·tinu·1rtis,
798 4030 870 4067 eadem
887 4042 953 4067 rrrurm
968 4042 1076 4078 eriperem:
1092 4029 1150 4068 indu
1167 4033 1213 4074 Bi.

80 4077 102 4123 d)
117 4080 246 4119 induantur.
263 4081 334 4116 vestm
351 4093 416 4117 ηιιωη
431 4094 536 4128 supera-r,
552 4083 679 4120 vestiantur
692 4082 751 4122 llll‘.
807 4084 827 4129 e)
842 4089 942 4130 surriptos
958 4084 1002 4125 Ba.
1056 4085 1130 4134 oqui
1147 4085 1211 4133 ⁸¹¹3

80 4133 124 4178 «pua
135 4138 184 4178 posi
199 4145 254 4174 corr,
270 4145 313 4180 qun
330 4134 374 4174 Bz',
443 4143 465 4179 μ’»
486 4136 588 4182 lnrlwseu
605 4134 662 4177 litt.
733 4137 754 4183 11)
774 4137 906 4184 polonorum
926 4138 972 4178 ΒΞ,
1040 4138 1056 4181 i)
1077 4148 1147 4185 quarn
1165 4139 1212 4178 1³2.
1222 4145 1246 4181 b)

80 4186 103 4233 ki
118 4184 161 4223 Sed
178 4187 195 4222 B
205 4186 235 4227 ll',
292 4188 306 4228 ll
324 4200 364 4227 (ιησ,
380 4188 399 4224 11
408 4188 426 4229 2,

82 4348 106 4408 1)
129 4344 190 4392 [mu
208 4344 269 4393 aava
289 4346 384 4408 refellit
404 4347 437 4400 Ii.
453 4347 543 4410 Meyer·
558 4366 586 4412 p,
600 4351 642 4401 40.
673 4349 765 4399 [ludos
784 4354 846 4398 lianc
862 4349 999 4400 ll'illiclmo
1019 4351 1213 4415 repfnnpbia

79 4414 176 4464 belluna
195 4416 317 4466 incultae
336 4421 427 4467 »ruenni
443 4433 529 4482 supro
546 4435 574 4483 p.
590 4421 649 4483 164,
668 4437 695 4473 n.
709 4424 734 4474 3.
773 4420 815 4483 Cf.
831 4438 860 4485 p.
876 4422 935 4474 163.
