2842 5026
288 447 490 503 LAMPER'I'I
506 446 730 503 INSTITUTIO
749 446 1044 503 HERVELDENSIS
1062 447 1165 504 EGOL.
1238 455 1289 508 351

160 633 321 715 optimus
359 631 534 695 miraculis
573 631 692 694 multis
731 652 788 695 eos
828 632 1025 695 consolatus
1063 637 1116 695 est
1161 632 1290 697 ibidem

161 722 316 785 ostensis
347 741 409 804 per
438 721 562 784 merita
589 723 785 783 sanctorum
810 723 1033 802 patronorum
1058 720 1231 804 Wicperti
1255 726 1290 785 et

161 808 265 873 Lulli
276 811 296 872 ¹.
343 810 442 873 Inter
465 813 604 872 sanatos
634 809 775 872 advenit
801 829 891 872 unus
915 829 956 872 ex
978 809 1049 871 illis
1073 810 1192 892 quiin
1216 809 1290 873 (lol-

162 897 341 975 lebecce²‚
374 898 467 981 quod
498 898 749 979 interpretatur
781 896 978 980 ‘prunarum
1009 897 1123 973 rivns',
1154 919 1289 962 ceream

135 986 268 1050 sillam
282 990 450 1051 famosam
472 986 652 1063 duxerant,
676 985 846 1049 tremulus
869 1006 931 1068 per
951 1007 1058 1065 annos
1079 987 1148 1050 iam
1163 988 1289 1070 viginti

162 1077 269 1139 tres2.
305 1076 374 1140 Hic
390 1075 519 1139 ibidem
536 1095 640 1137 sanus
655 1075 780 1151 iactus,
804 1074 958 1137 Ruthart
973 1075 1121 1152 nomine,
1146 1076 1290 1140 servicio

163 1166 282 1228 sancti
298 1163 474 1247 Wigberti
497 1183 533 1227 se
557 1163 717 1239 tradidit,
746 1167 866 1246 gratus
890 1163 965 1227 Deo
989 1167 1025 1227 et
1048 1164 1176 1227 sanctis
1205 1165 1289 1229 eius.

277 1252 455 1317 Conradus
479 1253 667 1335 imperator
689 1255 843 1334 tempore
861 1252 934 1315 eius
954 1252 1051 1316 obiit.
1087 1253 1197 1315 Filius
1216 1254 1378 1317 eius1039.

165 1339 356 1406 Heinricus
375 1342 472 1406 velut
495 1341 585 1404 alter
602 1341 753 1404 Karolus
776 1341 813 1402 in
835 1361 942 1422 regno
966 1342 1139 1418 successit,
1164 1342 1290 1407 virtuo-

125 1452 156 1495 ιο
166 1449 226 1494 sus
257 1434 293 1494 et
323 1431 411 1513 pius.
456 1429 566 1513 Nigro
597 1433 681 1507 erat,
713 1430 773 1493 sed
796 1433 942 1493 venusto
972 1433 1124 1513 aspectu,
1156 1433 1290 1494 statura

167 1540 342 1602 procerus.
387 1519 477 1581 Nam
508 1518 550 1581 ab
583 1519 725 1582 humero
756 1522 791 1582 et
821 1538 956 1581 sursum
986 1518 1161 1582 eminebat
1188 1539 1291 1602 super

168 1627 305 1671 omnem
336 1607 502 1691 populum
513 1607 534 1668 ³.
582 1607 661 1690 Ipse
692 1608 812 1671 aderat
842 1607 1012 1670 delicatus
1042 1608 1156 1671 adhuc
1183 1611 1219 1672 et
1241 1597 1380 1715 in-(lssffl)

168 1700 295 1760 unctus
326 1717 386 1760 rex
415 1696 628 1760 dedicationi
660 1695 824 1760 ecclesiae
859 1699 1038 1778 reparatae
1069 1695 1287 1772 Herveldiae‚
1348 1694 1353 1706 '

168 1805 270 1866 quam
317 1785 523 1849 dedicarunt
565 1784 773 1847 Humfridus
815 1784 1137 1867 Mngdeburgensis‚
1177 1785 1288 1849 Kaeso

130 1872 453 1957 :sNuenburgensis
477 1877 512 1936 et
533 1873 718 1937 Hunoldus
737 1872 1011 1956 Mersburgensis
1036 1873 1187 1957 episcopi
1210 1894 1288 1937 cum

167 1981 337 2026 consensu
360 1963 529 2025 Bardonis
548 1962 776 2045 Mogontinae
800 1962 890 2026 sedis
913 1962 1163 2045 archiepiscopi
1173 1955 1199 2038 *,
1224 1963 1287 2026 sub

328 2139 427 2216 nach,
459 2139 507 2201 du
531 2142 626 2222 starp
650 2133 784 2222 Keyller
807 2138 902 2215 (lunt,
931 2139 1024 2202 unde
1054 2139 1100 2201 ist
1124 2160 1165 2201 zu
1189 2139 1376 2222 Spira1039.

285 2309 312 2378 *)
328 2227 511 2364 lilaegdaldelaelii
529 2313 669 2378 consempsit
688 2311 791 2363 Paulus
809 2310 890 2377 Lamp
912 2312 929 2365 l.
947 2311 963 2364 l.
981 2328 1010 2378 p.
1030 2313 1108 2375 1140,
1131 2310 1289 2378 oscitabat:

125 2401 143 2440 ⁰
329 2383 449 2468 (Kasso
470 2388 651 2470 episcopus
668 2383 858 2466 (litinensis)
889 2386 1057 2451 Interfuit
1077 2387 1288 2451 dedicationi
1300 2376 1377 2429 ¹⁰4⁰·

441 2476 448 2490 .
825 2475 845 2488 ..
906 2476 913 2490 .
1090 2477 1097 2490 .
1297 2445 1380 2495 (laur)

329 2476 492 2540 ecclesrae
516 2496 624 2539 novae
648 2479 848 2539 monastern
867 2475 1117 2539 Hirsfeldensrs
1141 2481 1176 2540 et
1196 2497 1288 2560 cryp-

328 2569 384 2628 tae
415 2565 578 2628 eiusdem.
625 2564 681 2626 Ad
711 2585 813 2646 quam
841 2564 1085 2628 solennitatem
1109 2565 1182 2647 ipse
1205 2565 1288 2628 invi·

327 2656 422 2716 tatus
445 2653 516 2716 fuit
539 2674 609 2715 una
632 2673 710 2715 cum
735 2651 901 2716 Hunoldo
919 2652 1197 2736 Merseburgensi
1221 2653 1288 2736 epi·

328 2761 430 2825 scopo
454 2744 558 2824 atque
580 2734 788 2804 Humfridob
809 2740 1077 2824 metropolitano
1101 2742 1288 2806 eorundem

328 2830 634 2912 Magdeburgensi,
673 2830 709 2892 in
749 2830 814 2893 hoc
854 2830 1091 2894 consentiente
1128 2830 1287 2894 Bardone

327 2919 589 3001 Mogontinensi
612 2918 880 3001 archiepiscopo,
905 2919 979 2982 eius
1002 2918 1070 2982 loci
1094 2919 1286 2982 diocesano.

328 3005 413 3070 Erat
436 3011 472 3072 et
495 3011 580 3071 tunc
605 3001 655 3082 (ul
677 3007 868 3086 Lampertns
891 3005 968 3071 dicti
991 3005 1130 3070 coenobii
1148 3005 1286 3084 Hirsfel·

328 3094 435 3159 densis
463 3095 636 3159 monachus
665 3100 694 3158 et
723 3093 839 3159 nobilis
865 3092 1034 3158 historicus
1056 3093 1169 3177 refert)
1194 3115 1286 3178 prae·

329 3204 405 3248 sens
435 3205 497 3267 per
527 3205 562 3248 se
592 3184 781 3266 imperator
810 3183 983 3247 Henricus
1017 3184 1142 3248 tertius
1172 3184 1286 3246 adhuc

328 3273 542 3350 adolescens,
578 3273 637 3354 qui
672 3273 764 3355 cepit
801 3267 850 3345 (ut
887 3270 980 3349 infra
1015 3270 1112 3334 lolius
1149 3269 1285 3354 dicetur)

328 3381 418 3424 anno
434 3365 572 3425 nostrae
589 3361 711 3423 salutis
727 3360 839 3423 MXL.
874 3373 910 3424 Et
925 3374 1010 3440 paulo
1025 3373 1159 3436 infe-ius:
1177 3359 1287 3439 Quem

327 3453 363 3513 et
385 3450 452 3531 ipsi
476 3448 600 3513 Carolo
623 3449 752 3531 Magno
775 3449 891 3532 plures
914 3449 1122 3511 assimilant:
1148 3469 1223 3512 eam
1247 3449 1286 3510 si·

327 3538 466 3619 quidem
482 3559 616 3602 morum
632 3537 882 3614 excellentiam,
907 3557 983 3601 eam
1006 3537 1043 3599 in
1066 3536 1169 3600 rebus
1187 3557 1286 3620 agen·

328 3626 380 3689 dis
403 3627 706 3710 magnificentiam,
737 3647 812 3691 earn
836 3626 1081 3703 humilitatem,
1110 3626 1286 3709 pietatem,

125 3783 152 3823 86
163 3784 188 3829 ι)
201 3779 326 3820 collebeese
340 3792 358 3820 c.
413 3780 437 3832 b)
450 3781 569 3821 sunifrido
584 3782 655 3830 Leno.

165 3922 195 3990 1)
215 3921 257 3986 Cf.
271 3921 417 3974 Ekkebme'
430 3923 482 3976 Vir.
495 3923 659 3974 Holmoe-adi
674 3939 695 3976 c.
710 3924 752 3986 11,
772 3923 789 3976 l.
805 3923 821 3976 l.
885 3923 914 3988 2)
930 3922 1042 3974 Primus
1060 3925 1178 3974 ommam
1191 3922 1286 3989 Lamp.

165 3993 267 4057 saetosi
278 3993 354 4045 illius
366 3995 501 4058 iniraculi,
514 3995 584 4060 quod
595 4011 621 4048 a.
633 3997 710 4048 1021.
723 3995 764 4044 vel
774 3996 851 4049 1020.
864 3995 904 4045 vel
914 3997 991 4049 1013.
1004 3995 1105 4058 sactum
1114 3993 1286 4057 medebitur,

165 4066 321 4116 mentionem
339 4067 409 4128 smil.
448 4065 491 4128 Cf.
508 4065 581 4118 Will.
598 4064 744 4129 Maiorem„
765 4065 844 4116 Gaza
861 4081 954 4130 repum
973 4065 1056 4130 Anql.
1074 4065 1163 4128 5174,
1183 4063 1232 4116 SS.
1249 4063 1286 4127 X,

163 4152 192 4202 p.
210 4137 266 4189 464
284 4152 340 4202 eqd
367 4137 439 4189 dnm
465 4136 492 4189 S.
512 4135 603 4187 Blasii
622 4135 771 4201 Bmmsm'e„
798 4136 846 4188 SS.
865 4135 959 4199 XXX,
982 4154 1011 4203 p.
1032 4137 1082 4196 17,·
1109 4134 1182 4185 Ann.
1201 4133 1285 4199 Saul,

129 4205 214 4260 soSS.
225 4206 308 4269 XVI,
323 4223 352 4272 p.
365 4210 436 4267 313,·
455 4206 553 4260 caron.
568 4207 671 4272 Mirm,
688 4207 737 4260 SS.
750 4207 827 4258 XXI
828 4205 857 4273 V,
875 4223 902 4272 p.
918 4209 969 4261 188
975 4223 986 4267 ,·
1004 4206 1110 4269 lcnyam
1121 4205 1286 4269 relationem,

166 4276 214 4330 SS.
233 4277 345 4343 XXVI,
360 4294 391 4344 p.
410 4279 445 4331 28
457 4293 513 4343 sq.;
532 4277 715 4330 ‘Ronmmscte
731 4276 931 4343 Forschunpm'
949 4276 996 4340 VI,
1017 4294 1046 4343 p.
1064 4276 1117 4330 481
1122 4291 1133 4336 ,·
1158 4275 1288 4326 Analecta

167 4346 300 4413 Bouana,
317 4349 404 4403 Catal.
423 4349 497 4403 codd.
516 4348 696 4416 hayioyrapt.
715 4348 776 4401 bibl.
790 4349 914 4402 samu.
927 4347 967 4411 II,
984 4366 1014 4415 p.
1027 4349 1080 4402 382
1092 4362 1147 4413 sqq.
1201 4347 1230 4412 3)
1244 4346 1287 4410 Cl'.

167 4416 241 4473 Omli.
260 4419 368 4473 Metam.
387 4419 442 4486 III,
460 4422 523 4475 182:
543 4418 669 4486 colloque
687 4422 767 4472 tenus
785 4416 971 4487 supereminet
988 4432 1091 4472 omnes.
