2842 5026
352 109 549 164 LAMPERTI
566 107 752 162 ANNALRS.
788 108 824 163 A.
844 111 922 164 1075.
1147 111 1200 164 227

10 352 14 357 .
111 294 181 359 sedis
202 293 355 357 litteras¹
379 297 414 357 et
436 293 598 356 mandata
620 291 786 368 deferens,
811 292 936 374 quibus
960 291 991 355 ei
1015 291 1079 355 sub
1095 292 1198 355 inter
1209 289 1289 395 {075-

10 407 15 417 ·
109 383 274 451 minatione
289 382 415 465 gradus
438 384 474 445 et
496 381 623 444 ordinis
646 381 699 444 sui
721 380 933 464 precipiebat
942 381 962 455 ²,
988 380 1078 443 sicut
1095 384 1199 445 antea
1227 362 1253 400 α’

10 491 24 531 z
114 493 222 560 quoque
253 470 372 535 multis
406 469 634 553 legationibus
668 473 881 553 preceperat,
916 473 957 532 ut
990 469 1198 553 presbiteros

18 615 33 623 ..
78 628 81 633 ,
116 580 213 635 onnes,
240 559 299 642 qui
327 561 418 623 intra
445 579 541 622 suam
564 558 725 622 diocesim
748 562 871 633 essent,
902 561 1041 641 cogeret
1065 563 1126 621 aut
1150 560 1197 622 in·

10 670 23 709 ς
96 649 333 740 spresentiarum
357 648 557 732 coniugibus
580 648 779 711 renunciare
809 651 871 710 aut
894 667 930 711 se
953 649 1197 731 inperpetuum

10 772 20 794 ·.
116 740 179 807 sacri
204 737 320 800 altaris
350 737 558 800 ministerio⁸
592 729 784 800 abdicarel.
839 735 938 814 Quod
971 736 1052 799 dum
1083 737 1197 802 facere

16 861 21 882 ι
115 829 202 902 vellet,
228 830 464 909 exurgentes0,
495 825 553 908 qui
583 825 733 907 undique
764 825 972 897 assidebant,
1003 824 1119 889 clerici
1148 826 1198 888 ita

114 940 171 984 eum
189 914 296 978 verbis
324 914 560 989 confutabant,
591 914 641 977 ita
670 914 828 978 manibus
851 917 888 978 et
910 915 1022 977 tocius
1047 915 1197 998 corporis

10 999 25 1044 ³·
113 1009 188 1090 gestu
209 1005 242 1065 in
266 1024 344 1066 eum
367 1003 657 1076 debachabantur,
681 1006 722 1065 ut
745 1023 780 1066 se
804 1003 877 1065 vita
901 1004 1027 1067 comite
1051 999 1193 1066 sinodo¹l

81 1113 298 1161 nsxoessurum
322 1092 527 1175 desperaret.
573 1091 629 1155 Sic
650 1092 792 1155 tandem
807 1093 858 1154 rei
874 1091 1084 1155 difficultate
1101 1113 1197 1176 supe·

12 1228 20 1237 «
110 1188 184 1246 ratus
208 1181 329 1243 statuit
356 1180 421 1243 sibi
449 1181 607 1263 deinceps
629 1180 694 1242 tali
717 1182 895 1262 questione
920 1181 1059 1244 omnino
1083 1202 1196 1265 super-

10 1286 18 1309 ··
109 1271 268 1334 sedendum
285 1274 321 1333 et
336 1269 488 1332 Romano
512 1269 666 1352 pontifici
688 1269 964 1351 relinquendum,
986 1274 1026 1332 ut
1047 1291 1194 1345 causam,

10 1386 17 1409 -·
106 1379 187 1440 qnam
218 1359 289 1441 ipse
323 1358 506 1421 totiens⁰·³
543 1357 715 1421 inutiliter
749 1359 996 1442 proposuisset,
1037 1359 1096 1422 ille
1135 1380 1197 1443 per

104 1448 314 1530 semetipsum,
356 1447 491 1529 quando
526 1446 631 1511 vellet
665 1451 701 1511 et
735 1447 907 1529 quomodo
941 1447 1061 1522 vellet,
1102 1469 1195 1531 pero-

69 1529 207 1598 araretf.

189 1623 370 1688 Heinricus
394 1624 561 1707 Spirensis
589 1624 777 1707 episcopus,
808 1645 885 1687 cum
916 1624 984 1687 iam
1014 1626 1196 1689 thesauros

92 1713 265 1777 aecclesiae
289 1713 456 1796 Spirensis
486 1718 595 1797 peneg
620 1733 738 1776 omnes
762 1713 887 1797 puerili
910 1713 1052 1777 levitate
1076 1714 1195 1797 dilapi—

88 1795 196 1865 dasset
218 1804 253 1865 et
275 1802 393 1885 predia
416 1801 583 1864 militibus
606 1802 676 1865 suis
700 1803 736 1864 in
759 1802 961 1865 beneficium
985 1803 1193 1886 erogasset*,

84 1882 117 1946 in
149 1894 282 1952 tantum
312 1894 352 1952 ut
381 1891 438 1952 vix
467 1891 503 1953 in
534 1890 713 1953 dimidium
745 1912 874 1953 annum
905 1895 1063 1975 sumptus
1093 1893 1125 1956 ei
1153 1914 1195 1957 ex

51 1978 248 2042 medicibus
276 1979 458 2042 aecclesiae
487 1979 674 2042 ministrari
698 1983 845 2063 possent,
878 1981 1057 2063 inopinata
1084 1985 1194 2046 morte

78 2064 275 2131 subtractus
298 2068 381 2131 est⁴.
427 2067 479 2131 De
503 2068 599 2131 cuius
623 2068 722 2132 obitu
746 2069 886 2151 dignam
909 2070 1074 2133 memoria
1096 2070 1329 2141 visio-(amo).

76 2166 155 2218 nem
179 2157 267 2219 vidit
290 2156 432 2220 clericus
455 2157 603 2239 quidam,
634 2157 694 2239 qui
724 2158 755 2221 ei
786 2158 952 2222 defuncto
976 2159 1133 2241 protinus
1156 2160 1194 2222 in

77 2246 313 2328 episcopatum
342 2245 517 2321 successit,
553 2247 691 2309 nomine
721 2245 947 2309 Huzmannus
957 2240 987 2308 ¹¹.
1040 2247 1193 2311 Putabat
1202 2271 1275 2317 (nea.
1284 2272 1326 2319 ιο).

77 2346 114 2395 se
143 2334 179 2395 in
210 2334 312 2397 choro
340 2333 492 2416 Spirensi
522 2355 599 2398 cnm
629 2335 788 2419 episcopo
819 2339 854 2398 et
885 2336 1029 2400 caeteris
1060 2336 1193 2401 clericis

37 2423 178 2498 auare,
204 2425 239 2485 et
262 2443 338 2486 ecce
361 2423 644 2505 ingrediebantur
667 2424 810 2487 chorum
833 2427 905 2487 tres
928 2425 1003 2499 viri,
1028 2447 1117 2488 unus
1142 2446 1193 2489 ex·

82 2504 172 2574 aota¹
203 2514 325 2586 aetate,
357 2512 486 2575 canicie
509 2512 714 2587 veneranda,
747 2514 815 2576 duo
845 2514 986 2577 iuvenes
1016 2518 1193 2596 tamquam

82 2598 111 2661 in
128 2599 328 2681 obsequium
352 2600 493 2664 senioris
517 2601 692 2664 destinati.
729 2600 883 2684 Cumque
907 2602 944 2665 in
961 2602 1074 2665 medio
1098 2602 1194 2665 chori

80 2687 288 2769 aliquamdiu
312 2689 413 2751 taciti
435 2689 679 2767 constitissent,
711 2690 760 2753 ait
788 2691 901 2754 senior
924 2691 988 2764 his,
1020 2690 1080 2771 qui
1104 2690 1194 2752 circa

79 2796 110 2840 se
139 2779 249 2851 erant,
280 2777 475 2841 iuvenibus:
509 2776 610 2856 ‘Quid
639 2779 787 2842 tardatis
817 2778 909 2861 quod
938 2777 1034 2841 vobis
1064 2778 1194 2839 iussum

46 2869 127 2929 uest
144 2865 317 2948 explere?
355 2867 402 2928 At
425 2866 493 2929 illi:
520 2866 661 2943 ‘Tuum',
685 2868 857 2949 inquiunt,
884 2866 993 2949 ‘pater
1008 2868 1061 2928 est
1084 2865 1194 2947 primo

76 2954 238 3018 adversus
262 2974 340 3018 eum
364 2955 495 3018 dictare
518 2957 735 3030 sententiam,
765 2959 800 3018 et
829 2974 892 3017 nos
922 2954 995 3017 sine
1027 2953 1194 3015 dilatione

75 3043 238 3126 quicquid
281 3043 484 3107 indicaveris
526 3043 758 3126 exequemur'.
827 3041 874 3104 Et
916 3040 993 3104 ille:
1039 3040 1195 3123 ‘Propter

10 3135 64 3188 2³1.
75 3131 207 3204 multa',
232 3132 355 3214 inquit,
382 3132 491 3207 ‘mala
515 3152 603 3214 quae
620 3133 656 3194 in
672 3131 787 3194 locum
803 3131 896 3192 hunc
920 3133 955 3191 et
975 3130 1011 3192 in
1026 3123 1194 3192 'sanctam

10 2210 14 2269 l

157 3303 183 3369 *)
200 3304 230 3359 P.
249 3306 327 3358 aeid:
345 3309 469 3372 tempore
487 3303 611 3358 Heinrici
629 3302 703 3356 tertii
722 3300 903 3370 imperatoris.

37 3462 273 3507 waimistcriosst'.
354 3464 376 3508 b)
395 3464 509 3502 abdicaret
526 3463 586 3506 31¹³.
667 3464 688 3509 c)
706 3463 857 3511 exsurgas,
938 3458 962 3507 d)
980 3472 1029 3512 syn.
1048 3460 1196 3502 ALBM.

74 3516 264 3562 emirneusnlb.
305 3518 323 3566 s)
337 3517 372 3556 etc
387 3515 512 3560 uddsslb.
552 3517 689 3565 g)peBl⁸.
729 3515 753 3566 b)
768 3517 908 3555 Burmannus
923 3514 983 3556 1311».
1024 3514 1195 3562 innuens.

76 3659 103 3723 1)
123 3658 211 3709 Datus
229 3658 298 3725 Sept.
317 3661 343 3724 3,
372 3659 499 3723 Gregorii
520 3659 584 3723 Rep.
608 3657 663 3721 III,
687 3659 714 3720 4,
741 3657 759 3710 l.
778 3657 796 3710 l.
818 3675 848 3724 p.
867 3659 919 3710 207
932 3672 987 3722 sqq.
1025 3654 1065 3704 De
1089 3653 1197 3705 vermilio

75 3744 174 3794 mapno
192 3731 272 3780 totius
292 3730 452 3780 Gerrnuniae
471 3729 624 3794 Mopuntiae
641 3728 804 3790 celebrande,
831 3727 901 3792 quod
924 3742 998 3792 papo
1017 3725 1067 3774 bue
1085 3723 1195 3790 epistola

76 3802 173 3851 iterum
196 3801 341 3867 postulavit
365 3801 412 3864 (cf.
439 3800 577 3852 Bmhold.
599 3815 630 3865 p.
649 3801 717 3858 27s,·
742 3797 877 3861 Sipefridi
899 3797 984 3861 epist,
1012 3794 1075 3846 Cod.
1101 3793 1196 3844 Udalr.

36 3885 119 3924 sonr.
138 3873 195 3935 45),
214 3872 309 3938 Lamp.
328 3871 402 3922 nibil
418 3878 578 3938 compertum
597 3869 720 3920 babuisse
737 3867 849 3919 videtur.
924 3867 953 3929 2)
971 3864 1074 3914 Nullus
1090 3865 1197 3913 commi·

75 3944 196 3993 aalma
213 3943 324 4009 cpistm
344 3942 391 3992 illa
409 3945 530 3995 continet.
585 3941 612 4006 3)
629 3939 715 3990 Semel
731 3944 819 4002 antea,
839 3940 869 3986 ut
882 3935 978 4002 Lamp.
991 3950 1077 4002 supra
1091 3949 1122 4000 p.
1134 3936 1196 3988 200.

76 4015 210 4077 narrarit,
224 4015 250 4064 si
260 4013 405 4064 torneator
414 4029 504 4064 verum
513 4018 558 4064 est.
607 4013 634 4075 4)
644 4011 686 4073 Cf.
696 4007 834 4061 Bnrhold.
844 4007 928 4070 (dnn.
938 4004 966 4059 S.
977 4005 1080 4070 Blasio)
1088 4021 1119 4072 p.
1129 4005 1198 4063 278,-

77 4084 213 4148 Bemrold,
235 4077 275 4136 Dc
293 4087 389 4138 incont.
408 4100 460 4137 sac.
479 4099 518 4150 cp.
538 4083 563 4146 ὁ,
586 4080 646 4136 Mb.
665 4081 704 4144 II,
720 4096 750 4146 p.
767 4080 818 4139 aa·
842 4077 949 4142 caron,
969 4074 1017 4129 SS.
1035 4076 1066 4142 V,
1088 4093 1117 4144 p.
1135 4077 1197 4131 430.

931 4181 982 4238 15*
