2842 5026
218 107 313 163 VITA
332 109 449 164 LULLI
468 110 647 167 ARCHIEP.
667 111 778 168 AUOT.
797 111 1018 170 LAMPERTO,
1126 121 1180 172 339

166 295 219 355 26.
252 292 417 358 Refertur
433 298 469 358 et
484 293 581 357 aliud
597 295 639 358 de
655 314 695 358 eo
711 295 925 371 miraculum,
950 296 1042 379 quod
1058 300 1180 361 contra

9 406 105 457 .-
125 380 345 469 -potissimum
360 382 478 452 faciat,
499 383 557 465 qui
573 384 665 445 tanti
680 384 746 445 riri
762 384 950 447 virtutibus
966 384 1070 449 fidem
1086 386 1178 450 dero·

9 472 148 545 ..t
166 469 257 535 etin
276 489 316 534 eo
337 471 591 535 incredulitatis
611 471 709 535 febre
728 471 879 536 confecti
899 472 1093 548 tabescunt,
1119 495 1179 558 per

9 578 161 631 mm
183 558 389 643 paralyticos
413 559 456 622 ad
481 560 682 643 sospitatem
706 580 904 643 corpoream
918 561 1086 644 respirare
1103 583 1178 627 con·

9 646 217 719 sitiunt.
263 646 464 711 Hartwinus
494 649 634 730 quidam
664 648 845 731 religiosus
875 650 911 712 in
939 650 1014 713 vico
1039 653 1177 735 Aspach

9 734 258 805 ’calamam
282 740 480 819 susceperat
503 737 780 800 construendam.
827 735 985 815 Quodam
1009 738 1065 803 die
1088 761 1178 803 unus

9 826 206 893 ‘ium
223 823 444 888 fuldensium
464 825 544 887 Biso
567 826 705 889 nomine
724 826 836 889 riaml
852 827 989 902 fatiens,
1011 828 1084 890 riso
1105 828 1177 891 illic

9 913 207 990 nmine,
238 932 339 995 quem
369 913 636 977 familiarissime
667 918 788 977 notum
817 915 978 989 habebat,
1010 915 1177 991 substitit,

9 1000 246 1085 ..litoque
270 1021 347 1065 cum
371 1021 412 1065 eo
436 1001 617 1084 colloquio,
649 1022 728 1066 cum
752 1022 813 1086 per
836 1003 971 1067 diversa
993 1009 1066 1067 tam
1089 1007 1178 1069 seria

9 1102 164 1157 unm
185 1090 327 1161 ludicra,
352 1095 392 1153 ut
416 1091 457 1154 fit
479 1091 571 1155 inter
595 1091 730 1165 amicos,
762 1111 873 1155 sermo
897 1090 1057 1156 licentior
1080 1114 1177 1177 raga-

9 1178 165 1255 aar,
186 1172 327 1242 ‘incidit
354 1180 485 1243 mentio
514 1178 607 1243 beati
631 1178 735 1242 Lulli.
782 1179 869 1242 Tum
900 1179 969 1255 ille,
1000 1184 1178 1265 tamquam

9 1268 207 1335 Uv'uum
229 1268 299 1332 suis
322 1288 448 1331 nomen
472 1289 541 1330 non
564 1268 689 1343 ferens,
721 1268 839 1332 mirari
866 1269 968 1352 cepit,
998 1270 1091 1333 unde
1114 1271 1176 1354 pri·

9 1364 154 1423 nun
175 1355 204 1420 is
222 1356 332 1420 honor
351 1355 492 1419 habitus
515 1357 560 1419 sit
575 1357 659 1424 viro.
684 1357 744 1439 qui
764 1360 864 1420 tanto
879 1357 996 1422 furore
1013 1357 1178 1422 debacha-

9 1448 121 1511 ..Ι
149 1443 196 1509 sit
230 1449 350 1508 contra
383 1445 509 1508 fratres
542 1444 732 1509 Fuldenses
767 1449 802 1509 et
836 1446 881 1509 ad
915 1447 1178 1530 opprimendum

9 1536 185 1599 *nmen
218 1532 390 1598 Fuldense
428 1537 545 1597 tantos
580 1537 723 1597 conatus
758 1534 917 1616 neglecto
951 1535 1076 1599 timore
1111 1535 1178 1601 Dei

9 1612 257 1689 munemel.
310 1621 425 1685 Multa
458 1625 574 1705 preter
609 1623 693 1686 haec
728 1623 764 1685 in
799 1623 959 1686 iniuriam
990 1623 1084 1687 beati
1113 1625 1178 1687 riri

9 1710 265 1777 hmdaciter
280 1710 408 1793 magis⁰
430 1730 533 1792 quam
552 1711 666 1774 facete
690 1712 831 1781 iocatus,
855 1713 998 1775 tandem
1022 1711 1178 1776 discessit

9 1778 127 1865 ster
158 1800 251 1882 quod
284 1799 484 1863 instituerat
518 1803 730 1882 peracturus.
788 1799 839 1862 Eo
875 1802 1030 1883 tempore
1066 1799 1178 1865 Fulda

10 1868 183 1953 fluvius
213 1886 349 1951 alveum
377 1908 479 1951 suum
509 1891 674 1970 evagatus
703 1891 813 1951 totam
845 1888 1035 1952 adiacentis
1066 1890 1178 1973 campi

10 1970 242 2131 mmm
268 1980 505 2060 occupaverat,
530 1977 586 2039 vix
610 1978 749 2059 angusti
779 1979 915 2039 tantum
939 1977 1089 2041 tramitis
1113 1977 1177 2041 cal·

141 2063 386 2129 itinerantibus
401 2064 573 2146 reliquum
584 2065 716 2128 fecerat
731 2085 898 2147 aquarum
909 2064 1041 2129 effusio.
1067 2063 1177 2143 Quem

24 2144 142 2217 (lum
164 2153 276 2237 carpit
296 2199 304 2214 .
322 2198 330 2214 .
348 2147 378 2213 .‘¹
405 2156 441 2216 et
463 2154 617 2216 tumidus
641 2153 701 2216 ille
724 2152 791 2217 Dei
814 2157 1080 2236 sanctorumque
1104 2155 1177 2218 eius

17 2240 274 2317 eonvitiator,
297 2260 415 2323 equus,
440 2261 508 2324 quo
523 2241 724 2315 vehebatur,
748 2241 875 2317 furore,
896 2245 937 2304 ut
953 2243 1083 2326 opinor,
1109 2244 1176 2326 agi·

31 2326 153 2395 ἘΜ
187 2331 224 2393 in
257 2329 560 2414 profundissimam
595 2351 720 2412 aquam
755 2335 811 2395 se⁰
847 2350 924 2394 curn
955 2351 1084 2395 sessore
1114 2352 1176 2396 suo

10 2412 259 2504 ¹llrleeipitem
289 2418 400 2495 dedit,
431 2417 504 2482 Deo
534 2418 589 2481 illi
619 2420 759 2503 dignam
789 2419 1061 2483 vicissitudinem
1092 2420 1176 2485 refe·

40 2499 178 2573 rents‘
210 2527 272 2591 pro
306 2507 554 2571 incontinentis
589 2507 730 2591 linguae
761 2507 967 2591 petulantia.
1022 2507 1176 2591 Cumque

10 2596 14 2601 ’
41 2594 171 2661 totum
201 2615 279 2658 cum
309 2615 438 2660 sessore
468 2616 530 2659 suo
561 2615 685 2679 equum
717 2617 807 2678 aqua
837 2595 1041 2679 profundior
1064 2596 1175 2660 obsor-

45 2678 198 2753 tuimet.
211 2703 414 2766 omnemque
431 2685 550 2748 mortis
567 2684 764 2749 evadendae
780 2705 876 2768 spem
887 2685 1032 2770 periculi
1048 2685 1176 2769 magni·

11 2770 143 2849 ‚tudo
171 2771 427 2856 absumpsisset,
458 2773 562 2836 rediit
586 2773 709 2837 misero
739 2773 775 2836 in
799 2776 960 2848 mentem,
992 2774 1082 2855 quod
1113 2793 1176 2836 sua

11 2856 91 2947 hin
125 2859 239 2924 virum
275 2859 341 2925 Dei
378 2861 573 2925 invectione
610 2862 700 2925 hauc
734 2862 801 2924 sibi
836 2861 1069 2925 calamitatem
1103 2862 1175 2944 ipse

49 2949 259 3035 peperisset,
294 2950 480 3031 statimque
515 2970 556 3012 ex
590 2950 714 3014 intimo
749 2950 851 3013 corde
885 2949 971 3012 facti
1005 2951 1174 3034 penitens,

22 3076 26 3081 -
49 3036 219 3121 quoniam
248 3036 368 3121 lingua
397 3058 466 3101 non
496 3040 633 3121 poterat
663 3059 829 3121 aquarum
852 3037 1019 3101 violentia
1041 3058 1175 3120 oppres·

50 3144 123 3203 uus,
147 3126 262 3189 animo
285 3127 353 3190 iam
378 3145 437 3209 per
453 3127 693 3190 necessitatem
716 3146 830 3190 rerum
846 3129 1022 3190 correctoss
1038 3126 1175 3190 veniam

75 3214 271 3279 recabatur.
317 3214 391 3279 Nec
421 3235 516 3278 mora
546 3216 656 3298 pietas
681 3214 821 3278 Domini
851 3234 911 3298 per
939 3215 1175 3279 interventum

51 3234 149 3367 beati
165 3301 259 3365 Lulli
283 3306 398 3385 presto
422 3302 524 3366 affuit
547 3303 770 3386 periclitanti.
805 3303 896 3366 Nam
917 3322 1053 3385 equum,
1079 3304 1175 3366 cuius

53 3388 156 3454 dorso
181 3410 341 3455 excussus
365 3392 433 3454 iarn
457 3392 576 3455 subter
599 3412 724 3474 aquam
747 3391 972 3455 moribundus
1001 3391 1174 3459 fluitabat.

50 3498 116 3563 per
146 3480 291 3543 caudam
322 3479 476 3563 arripuit,
508 3481 607 3562 eique
637 3481 790 3544 tenatius
821 3481 991 3557 inherens,
1022 3481 1094 3543 rita
1125 3501 1176 3544 co·

53 3566 149 3644 mite,
181 3567 410 3631 membrorum
434 3568 596 3632 incolomi
619 3572 715 3631 statu
745 3569 780 3631 in
804 3569 932 3633 siccum
957 3568 1097 3645 evasit1,
1128 3569 1175 3630 in·

52 3722 77 3769 a)
88 3721 213 3768 moal:
233 3721 278 3760 lum
291 3722 323 3764 2⁸.
396 3722 420 3770 b)
434 3720 515 3762 erudit
528 3724 560 3766 2⁸.
634 3725 655 3770 c)
670 3723 739 3771 magis
752 3724 850 3771 ampla-l
863 3733 890 3761 cx
903 3723 948 3762 loco
966 3722 1087 3770 annalium,
1106 3732 1174 3770 cupra

17 3778 74 3824 ω.
88 3774 123 3823 98,
143 3774 157 3816 1.
170 3774 204 3823 2⁰,
223 3776 280 3813 dem
294 3778 325 3817 ²¹.
405 3773 429 3823 d)
447 3777 574 3815 adlectlrum
588 3776 696 3825 quoddam
709 3776 851 3824 supplendum
865 3780 901 3817 m.
983 3778 1004 3822 e)
1020 3775 1093 3812 eodem
1108 3785 1174 3812 manu

52 3837 160 3877 apem.
175 3827 207 3870 2⁵.
261 3828 410 3875 Orelercutls
424 3830 456 3872 2¹.
510 3836 532 3879 g)
546 3829 655 3869 correctio
669 3830 701 3870 2⁸.

53 3932 82 4002 l)
101 3933 174 3984 Nota
192 3936 223 3985 in
240 3934 338 3988 Miror.
357 3935 385 3987 S.
401 3935 528 4001 ll'ipderii
544 3952 564 3988 c.
580 3937 604 3998 1,
624 3935 672 3988 SS.
691 3935 709 3984 Ι
714 3934 744 3999 V,
759 3950 789 4000 p.
801 3935 863 3998 224,
882 3932 1042 3984 astruendum
1063 3932 1094 3984 de
1108 3933 1175 3983 Ger-

51 4002 140 4055 lrelmo
155 4005 282 4056 monacho
295 4005 479 4070 Herafeldenm'
496 4022 529 4058 eac
541 4008 621 4072 aquic
633 4005 737 4056 Fuldoe
754 4006 833 4070 flureio·
849 4011 936 4070 erepto
953 4009 1101 4055 narratum
1112 4019 1175 4066 ecoe,

49 4075 132 4125 aliua
148 4090 241 4128 norm
260 4075 355 4142 Lonq).
374 4093 459 4143 cupro
478 4092 498 4131 c.
511 4080 555 4131 22.
573 4078 724 4142 seererparit.

906 4179 959 4236 22*
