2842 5026
346 427 547 484 hammam
565 428 755 485 ANNALES.
792 430 827 484 A.
848 433 926 485 1014.
1150 435 1202 487 185

91 612 196 676 senii-e
227 611 406 694 cupientes
438 611 588 694 graviter
618 613 655 674 in
685 632 742 676 eos
769 612 828 693 qui
852 612 923 676 tale
947 613 1121 695 flagicium
1146 603 1289 710 adffssjss·
1298 673 1316 711 A
1334 683 1347 709 r

10 760 25 779 ‚-
97 698 246 765 miserant
264 699 544 763 animadvertunt
556 699 577 761 ¹.
613 700 748 764 Deinde
772 700 905 783 legatos
928 701 973 763 ad
991 721 1106 783 regem
1127 702 1201 764 mit·
1283 701 1288 714 '
1316 678 1364 721 Η

10 834 26 877 :
100 786 177 867 tunt,
208 789 428 852 obsecrantes
458 808 519 871 per
549 789 676 861 Deum,
708 793 748 851 ut
779 808 814 852 se
845 788 972 851 habeat
1003 793 1199 866 excusatos;

10 928 24 964 .-
103 893 151 943 nec
176 877 327 942 conscios
358 897 394 941 se
423 877 514 939 tanti
545 877 682 941 sceleris
712 896 775 941 nec
810 877 1003 941 incentores
1035 879 1198 954 extitisse,

86 969 325 1047 ⁵patratumque
355 985 426 1028 non
455 984 552 1029 secus
583 986 685 1047 quam
713 966 824 1047 ipsum
849 965 1000 1048 graviter
1023 969 1058 1030 et
1081 966 1200 1049 iniquo

101 1057 196 1120 animo
218 1054 326 1131 ferre;
352 1053 474 1135 quodsi
491 1053 603 1117 minus
620 1054 700 1117 fidei
720 1054 847 1118 habeat
863 1055 1080 1136 negantibus,
1106 1077 1200 1138 para·

98 1148 141 1209 tos
162 1163 195 1207 se
211 1143 330 1224 quovis
354 1161 479 1224 genere
502 1142 750 1209 satisfactionis
775 1142 876 1206 dictis
901 1143 1002 1207 fidem
1026 1143 1141 1208 facere
1165 1149 1201 1207 et

93 1233 229 1297 violatae
246 1231 340 1313 pacis
356 1252 377 1293 a
392 1250 428 1294 se
444 1231 674 1313 suspicionem
689 1250 856 1294 amovere.
897 1231 963 1295 Ille
979 1232 1201 1296 vehementer

29 1326 32 1331 '
86 1323 254 1396 efferatus,
278 1320 371 1401 quod
396 1318 550 1383 dolorem
573 1319 767 1401 pristinum,
799 1319 858 1401 qui
882 1321 1028 1383 necdum
1056 1321 1092 1382 in
1117 1321 1199 1383 cica-

54 1410 202 1474 wtrieem
233 1411 348 1471 cutem
376 1407 590 1483 obduxisset,
622 1408 818 1471 recentibus
848 1408 982 1471 iniuriis
1013 1407 1200 1472 exulceras-

73 1502 175 1560 sent:
200 1495 518 1578 ‘Quandoquidem’,
542 1495 665 1577 inquit,
693 1497 765 1560 ‘nec
788 1496 941 1561 forenses
965 1497 1058 1579 leges
1079 1501 1200 1560 contra

69 1585 280 1650 violentiam
312 1584 483 1648 Saxonum
515 1584 697 1666 quicquam
733 1585 932 1666 proficiunt,
964 1606 1027 1649 nec
1057 1585 1200 1648 iniurias

64 1692 174 1737 mess
197 1674 353 1737 desertus
377 1693 398 1735 a
421 1672 531 1736 milite
555 1673 658 1736 armis
685 1673 864 1755 persequia
891 1673 998 1745 valeo,
1031 1675 1074 1736 ad
1106 1674 1199 1756 leges

59 1762 329 1826 ecclesiasticas
352 1754 441 1824 iamb
463 1761 667 1825 necessitate
692 1765 831 1825 coactus
854 1762 1062 1844 confugiam,
1088 1764 1123 1826 et
1140 1762 1199 1825 nbi

33 1845 232 1914 strumene
255 1853 391 1914 cessant
414 1849 552 1925 auxilia,
578 1850 729 1912 divinam
746 1870 845 1932 opem
869 1848 1082 1932 implorabo'.
1122 1850 1199 1914 Pro·

54 1933 176 2002 tinus
205 1939 339 2021 legatos
372 1938 516 2001 Romam
553 1938 647 2000 misit
677 1938 792 2002 sedem
823 1937 1048 2020 apostolicam
1079 1941 1199 2001 contra

52 2033 157 2090 eose
190 2026 412 2110 interpellare
423 2027 443 2102 ²,
475 2027 534 2108 qui
564 2026 764 2090 aecclesiam
795 2027 1042 2103 incendissent,
1075 2027 1199 2089 altaria

50 2115 345 2199 confregissent,
377 2115 561 2198 sepulchra
591 2115 776 2178 violassent
806 2119 842 2178 et
872 2115 951 2178 odio
981 2115 1128 2179 viventis
1162 2116 1199 2177 in

49 2205 234 2288 sepultos
258 2204 389 2268 cineres
413 2203 558 2267 barbara
581 2203 786 2267 crudelitate
811 2204 996 2268 debachati
1018 2204 1166 2267 fuissent
1176 2204 1198 2264 ³.

18 2302 42 2342 ²⁰
186 2287 341 2356 Pascha(1
369 2292 575 2375 Babenberg
605 2292 793 2356 celebravit
802 2293 823 2368 ⁴,
856 2296 1021 2375 erantque
1053 2314 1130 2356 cum
1159 2311 1303 2361 comesa

56 2381 358 2464 archiepiscopus
374 2380 608 2462 Mogontinus,
626 2381 696 2443 dux
709 2379 972 2444 carentinorum
989 2381 1193 2444 Bertoldus⁰

59 2475 115 2532 et
139 2469 199 2532 alii
223 2490 325 2551 quam
349 2469 465 2551 plures
489 2490 530 2533 ex
553 2469 608 2532 his
631 2469 690 2551 qui
714 2469 806 2533 bello
826 2469 993 2533 Saronico
1017 2469 1059 2532 ab
1085 2489 1125 2532 eo
1145 2471 1199 2533 de·

62 2553 268 2623 fecererat
304 2557 390 2620 Cum
407 2558 498 2621 enim
516 2558 645 2622 crimen
660 2558 858 2622 rebellionis
875 2558 1065 2621 saxonibus
1081 2559 1199 2622 donas·

68 2651 143 2721 set,
161 2646 239 2710 aliis
255 2646 353 2728 regni
369 2646 591 2729 principibus,
610 2646 669 2728 qui
686 2646 932 2710 coniurationis
948 2647 1032 2710 socii
1049 2648 1198 2721 fuerant,

16 2747 54 2789 2⁵
71 2736 173 2818 quod
196 2737 287 2799 iuste
311 2738 536 2805 succenseret,
562 2756 631 2797 non
654 2735 816 2799 habebat.

189 2823 270 2905 Ipso
300 2826 455 2906 ternpore
480 2822 643 2887 Coloniae
673 2843 727 2886 res
757 2823 885 2887 accidit
915 2824 1021 2906 digna
1047 2823 1200 2886 omnium

78 2911 250 2975 bonorum
267 2912 486 2975 miseratione
510 2917 545 2975 et
569 2912 728 2988 lacrimis,
753 2912 922 2976 incertum
947 2912 1089 2976 levitate
1105 2910 1201 2993 vulgi

83 3022 125 3063 an
156 3000 310 3064 factione
341 3021 457 3064 eorum
488 3000 547 3082 qui
577 3000 685 3063 vicem
715 3001 803 3083 regis
838 3001 875 3063 in
905 3000 1201 3082 archiepiscopum

83 3088 204 3153 ulcisci
228 3089 424 3171 cupiebant.
465 3088 506 3151 Id
531 3088 640 3172 magis
656 3089 750 3152 venit
774 3089 811 3151 in
834 3089 1072 3171 suspicionem,
1098 3087 1199 3168 quod,

34 3198 160 3242 uocum
185 3178 320 3242 celebre
351 3177 442 3260 apud
473 3196 591 3241 omnes
615 3181 704 3241 esset
732 3198 857 3241 nomen
881 3175 1199 3249 Wormaciensium,

82 3348 283 3398 etprossquillt.
338 3350 487 3396 b)om.Bl⁸.
541 3349 561 3393 cl
576 3360 602 3388 eo
616 3350 674 3390 131⁸.
729 3346 1027 3396 dlltoxpeeclhleBlb·⁰.
1077 3346 1202 3393 elatem.

83 3413 161 3445 omnes.

83 3548 110 3604 ll
127 3544 184 3596 Hoc
201 3545 305 3608 falsum
317 3545 429 3607 videta,
449 3560 507 3594 eum
523 3546 660 3610 princpes
672 3543 808 3595 Saronico
825 3545 855 3593 ia
866 3542 976 3609 epistoli-
993 3540 1102 3610 (Brimo
1116 3558 1137 3594 c.
1150 3543 1185 3595 42
1193 3559 1203 3599 ,·

81 3617 117 3677 cf.
137 3616 172 3670 ib.
198 3633 218 3668 e.
238 3614 284 3685 34)
309 3616 378 3665 banc
402 3631 458 3666 rem
483 3622 629 3666 trementes
653 3616 761 3666 minime
786 3614 833 3666 boe
851 3614 987 3673 dixerim
1014 3613 1050 3676 cf.
1069 3612 1204 3665 Delbrsldc

47 3696 108 3754 sep.
128 3689 172 3741 39.
263 3686 539 3751 ammirantium
558 3686 701 3737 meandum
719 3692 765 3751 est,
792 3702 851 3738 cum
871 3685 1017 3750 Greyoriae
1038 3687 1068 3735 ia
1086 3684 1204 3750 epistolis

82 3759 141 3809 saie
158 3758 221 3809 baa
238 3759 280 3808 rei
296 3772 348 3808 nors
367 3758 521 3808 mentionem
540 3757 641 3819 fecerit
677 3755 728 3808 Sed
745 3758 780 3820 cs.
799 3756 882 3808 Pauli
900 3755 1040 3809 Bemrr'erl.
1060 3755 1122 3806 Vita
1137 3755 1203 3806 Gre-

80 3831 155 3893 eorii
171 3829 232 3882 l'II.
255 3844 275 3883 e.
295 3831 337 3882 64.
375 3830 505 3882 A.1075.
525 3833 584 3894 post
604 3827 655 3880 oa.
673 3830 716 3882 25.
742 3845 793 3880 rea
819 3829 917 3893 lepotos
942 3828 1015 3879 rarat
1037 3842 1125 3894 papae
1149 3828 1204 3892 ept-

81 3916 172 3966 eeopos
190 3900 336 3951 Saxorn’cos
353 3899 461 3950 rebelles
478 3905 656 3964 accusatores,
683 3904 712 3949 ut
731 3899 826 3951 Bruao
850 3915 870 3951 c.
891 3900 933 3952 64.
953 3898 1047 3950 tradit.
1119 3898 1147 3962 3)
1159 3896 1203 3957 Cf.

82 3971 182 4024 Horat.
200 3971 286 4037 spot.
304 3971 482 4034 16,11-14:
501 3967 638 4021 Barbarus
655 3968 725 4021 heul
745 3968 849 4022 cineres
868 3967 973 4020 insistet
991 3966 1079 4018 victor
1096 3971 1124 4018 et
1143 4007 1150 4019 .
1170 4006 1176 4018 .
1197 4005 1203 4020 .

45 4057 143 4097 eoosss
163 4039 269 4108 Quirini
288 4082 294 4094 .
312 4083 318 4094 .
337 4082 343 4094 .
362 4039 503 4107 dissipabit
521 4039 646 4093 insolens.
719 4041 747 4105 4)
764 4040 935 4091 &nantium
951 4038 1099 4088 Marianus
1117 4036 1203 4099 Scott,

83 4113 133 4162 SS.
149 4113 179 4176 V,
196 4130 224 4179 p.
238 4115 307 4173 561,·
332 4111 470 4166 Bmtolel.
488 4109 573 4179 (Ana.
592 4110 620 4164 S.
639 4110 741 4174 Blasii)
757 4128 786 4176 p.
799 4112 860 4164 277.
897 4109 957 4159 Hae
973 4108 1107 4172 pertinent
1125 4107 1203 4157 amno

82 4199 151 4249 pleae
163 4183 298 4246 Bermold,
319 4183 358 4234 De
370 4183 460 4236 domn.
472 4184 559 4235 serere.
577 4197 598 4235 c.
611 4183 655 4245 36,
673 4180 732 4233 Lib.
746 4180 786 4244 II,
804 4199 832 4247 p.
845 4182 888 4233 43.
906 4195 932 4231 a.
947 4180 1025 4232 1075.
1043 4182 1115 4241 qesta
1134 4176 1206 4240 falso

84 4256 182 4320 tradit,
213 4255 281 4304 unde
310 4259 384 4320 patet
408 4255 488 4305 etiam
512 4252 669 4303 menarum
696 4251 921 4317 archiepiscopum
950 4248 1116 4299 Bremeasem
1144 4253 1205 4298 tuac

83 4326 205 4389 affabre.
289 4326 317 4385 4)
335 4325 376 4387 Cf.
396 4323 534 4376 Bertliold.
553 4324 638 4387 (Arm.
658 4321 686 4376 S.
701 4321 804 4385 Blasii)
819 4338 848 4388 p.
860 4321 928 4374 276:
947 4316 1084 4370 liudolfus
1102 4316 1158 4370 dux
1177 4320 1206 4370 et

45 4395 184 4452 aeseteri
203 4394 316 4447 rebelles
335 4393 545 4447 reconciliantur
563 4392 629 4460 regi.

1192 4612 1336 4746 A
