2842 5026
101 431 153 484 108
373 424 575 480 LAMPERTI
593 424 783 480 ANNALES.
820 426 855 480 A.
876 429 953 482 1069.

12 619 89 672 1069.
101 611 299 694 predatores
322 609 452 672 inultos
477 630 546 672 non
570 609 759 684 sinerent¹;
789 608 900 672 sacius
924 608 1009 672 sibi⁸
1039 629 1112 673 esse
1135 607 1227 670 mori

100 699 137 762 in
161 697 252 762 bello
276 719 378 780 quam
395 698 527 760 amissis
544 701 681 781 patrum
704 691 906 779 legittimisb
927 697 1081 780 periuros
1097 697 1225 761 vivere.

100 787 172 851 Rex
204 787 246 849 ad
279 788 363 850 haec
395 786 542 868 benigne
573 786 751 868 respondit
781 785 1015 868 auxiliumque
1045 806 1163 859 suum,
1198 785 1226 847 si

99 876 137 938 in
162 876 228 938 fide
253 878 502 957 permanerent,
529 875 736 937 certissimos
760 894 896 956 sperare
920 874 1030 937 iussit.
1075 873 1224 949 Dehinc,

23 964 160 1038 (raaubi
184 984 237 1028 res
262 965 398 1026 matura
421 963 493 1025 visa
516 966 584 1039 est,
612 963 741 1026 infesto
765 963 901 1044 agmine
924 962 1151 1045 Thuringiam
1176 962 1251 1024 ins

100 1053 215 1116 travit.
263 1052 341 1114 Duo
365 1051 414 1114 ibi
439 1051 594 1124 castella,
627 1051 751 1133 quibus
775 1050 928 1114 marchio
952 1051 1139 1133 presidium
1166 1051 1225 1112 im·

101 1145 271 1224 posuerat,
297 1139 547 1222 Bichelingun⁰
577 1144 612 1202 et
636 1134 856 1221 Scidingenl,
882 1139 1029 1202 alterurn
1054 1160 1115 1222 per
1130 1139 1225 1202 dedi·

100 1230 246 1302 tionem,
284 1227 430 1292 alterum
467 1249 570 1290 manu
606 1232 839 1311 expugnatum
873 1228 1014 1310 recepit.
1069 1227 1225 1292 (laeteris

99 1318 199 1381 ilicoe
229 1317 463 1380 admovendus
495 1321 568 1380 erat
600 1317 779 1380 exercitus.
827 1316 893 1380 Sed
926 1317 1079 1380 marchio
1106 1316 1225 1380 adver·

100 1410 176 1470 tens
208 1405 304 1468 nullo
335 1405 410 1468 loco
442 1404 495 1469 vel
527 1405 718 1469 munitione
746 1405 908 1468 sustineri
932 1424 1030 1488 posse
1053 1405 1225 1488 impetum
1240 1426 1266 1462 a

100 1495 206 1577 regis,
238 1488 367 1556 incisas
395 1515 454 1576 spe
485 1494 684 1568 resistendi,
717 1513 752 1556 se
784 1513 912 1575 suaque
936 1493 1053 1556 omnia
1076 1493 1224 1557 dedidit.

99 1583 284 1663 Thuringi,
318 1583 399 1653 etsi,
433 1587 471 1644 ut
496 1582 739 1665 promiserant,
772 1602 854 1664 erga
884 1603 999 1665 regern
1024 1585 1060 1645 et
1083 1602 1225 1645 causam

100 1671 275 1755 publicam
300 1671 415 1734 devoti
447 1670 632 1752 fidelesque
663 1674 793 1746 essent,
822 1671 858 1732 in
882 1671 1080 1753 episcopum
1104 1674 1225 1734 tamen

100 1760 341 1839 Mogontinum
378 1758 518 1821 hostilia
548 1758 711 1842 pleraque
745 1760 875 1834 iecere,
908 1759 1041 1841 probris
1075 1762 1110 1822 et
1147 1779 1225 1821 con-

100 1848 196 1911 viciis
220 1848 256 1909 in
280 1848 403 1910 faciem
429 1847 603 1922 lacessere,
630 1846 757 1911 milites
782 1847 864 1922 eius,
894 1847 976 1909 dum
1001 1846 1123 1930 predas
1148 1867 1226 1929 age·
1239 1869 1264 1907 a

100 1941 193 2011 rent,
226 1937 321 1999 facto
351 1957 454 2018 grege
485 1936 599 2018 sepius
627 1936 815 2010 incursare,
845 1936 1025 2018 rapinam*i
1050 1939 1224 2009 excutere,

100 2025 260 2097 fundere,
292 2025 428 2106 fugare,
461 2023 645 2087 nonnullos
668 2025 816 2106 denique
841 2024 1015 2087 ministros
1039 2024 1127 2098 eius,
1160 2044 1226 2087 nec

101 2113 164 2176 hos
195 2113 358 2176 mediocri
389 2114 531 2176 fortuna
561 2112 615 2176 vel
646 2112 769 2175 humili
801 2112 876 2175 loco
904 2104 1038 2183 natos¹¹,
1071 2113 1155 2174 dum
1181 2111 1226 2174 ab

102 2202 253 2265 exercitu
285 2202 373 2283 regis
405 2201 508 2285 paulo
539 2200 676 2283 longius
706 2202 886 2283 predatum
916 2193 1103 2275 abissent¹,
1137 2220 1226 2264 com·

102 2291 286 2372 prehensos
311 2283 599 2372 suspenderuntk.
640 2290 776 2353 Iussum
799 2294 916 2353 tamen
933 2288 981 2352 eis
1006 2292 1057 2353 est
1081 2289 1125 2352 ab
1142 2309 1263 2371 regem

101 2378 204 2442 facile
229 2382 263 2441 et
288 2379 529 2460 contemptim,
563 2383 602 2441 ut
625 2378 775 2442 decimas
800 2378 922 2442 darent
933 2379 953 2452 ²,
986 2398 1055 2442 non
1083 2397 1152 2459 quo
1176 2398 1226 2440 re·

102 2466 302 2530 cusantibus
326 2467 394 2528 vim
418 2459 524 2530 ferre¹
556 2467 592 2528 in
617 2467 731 2529 animo
755 2471 860 2542 esset,
892 2466 952 2530 sed
983 2486 1025 2530 ne
1056 2487 1126 2529 non
1151 2466 1226 2529 red·

101 2555 175 2618 dito
201 2556 365 2637 promisso
389 2555 684 2637 archiepiscopum
708 2555 909 2618 offenderet.
954 2553 1044 2618 Dedi
1068 2554 1226 2617 marchio

102 2643 313 2725 aliquamdiu
332 2644 472 2706 habitus
495 2644 531 2705 in
549 2644 714 2717 custodia,
741 2643 890 2717 tandem,
916 2643 1078 2725 adempta
1095 2663 1226 2725 posses·

102 2733 235 2795 sioruun
267 2736 301 2794 et
333 2733 505 2795 redituum
515 2737 538 2766 ¹¹¹
563 2753 630 2794 non
663 2732 797 2795 modica
828 2736 934 2814 parte,
968 2732 1128 2793 dimissus
1161 2736 1262 2794 esta

103 2820 210 2882 Filius
242 2821 314 2883 eius
339 2820 429 2884 Dedi
460 2821 574 2883 iunior
605 2826 736 2903 patrem
766 2841 806 2884 ea
830 2823 1036 2902 tempestate
1059 2821 1226 2884 infestius

102 2909 324 2990 acerbiusque
356 2930 456 2990 quam
489 2908 577 2971 alius
608 2909 786 2990 quisquam
819 2909 1008 2971 insectatus
1036 2914 1088 2972 est
1099 2910 1120 2969 l.
1171 2907 1225 2972 Ob

102 3019 175 3061 eam
207 3019 277 3059 rem
315 3002 435 3060 exacto
471 2996 562 3061 bello
593 2998 727 3079 ingenti
758 2996 868 3078 gloria
899 3017 971 3060 esse
1002 2998 1093 3080 cepit
1130 2997 1224 3079 apud

102 3107 225 3167 regem,
252 3087 409 3167 egregiae
425 3085 551 3149 indolis
568 3085 775 3157 adolescens,
801 3086 866 3147 nisi
883 3085 1080 3148 ambitionis
1097 3087 1225 3167 spiritu

102 3179 137 3238 et
168 3181 394 3257 prepropera¹¹
431 3175 631 3236 dominandi
663 3174 824 3256 cupidine
855 3194 996 3257 preceps
1032 3179 1260 3255 raperetur.ao

103 3263 137 3325 Is
161 3284 230 3325 non
254 3262 364 3325 multo
389 3267 481 3345 post,
515 3284 591 3326 cum
616 3268 717 3325 nocte
741 3263 887 3344 quadam
913 3262 956 3324 ad
981 3263 1223 3325 necessitatem

102 3355 245 3414 naturae
270 3352 472 3427 secessisset,
499 3352 656 3434 apposito
673 3351 904 3415 extrinsecus⁰
925 3351 1128 3413 insidiatore
1149 3371 1224 3413 con-

101 3440 213 3503 fossus
237 3440 438 3522 ininguine
463 3444 497 3503 et
522 3440 653 3503 occisus
670 3444 722 3502 est
731 3441 752 3500 ⁴.
794 3438 878 3517 Quis
902 3440 994 3502 necis
1012 3439 1084 3501 eius
1102 3443 1224 3501 auctor

101 3529 208 3591 fuerit
219 3529 239 3599 ⁵,
276 3550 344 3590 non
380 3529 463 3591 satis
503 3534 654 3601 constat,
691 3549 895 3609 quamquam
937 3526 1016 3589 dolo
1055 3548 1223 3590 novercae

102 3683 124 3730 ι)
140 3694 169 3721 .n.
185 3683 259 3725 cernaii
275 3683 319 3723 152.
389 3682 411 3730 b)
427 3683 530 3725 lecirimis
544 3684 566 3721 l.
578 3684 592 3720 1.
609 3683 667 3721 131⁸.
732 3683 752 3727 υ)
772 3682 920 3728 lllcholiuqim
936 3682 999 3729 3103
1016 3681 1161 3731 Biclrellngen
1175 3682 1222 3720 Bi.
1233 3686 1256 3723 35

102 3735 125 3781 d)
144 3733 277 3782 Schldingon
294 3737 344 3784 A1;
367 3733 484 3783 uerdlngen
505 3735 563 3774 Bru.
633 3736 653 3784 c)
672 3736 729 3775 illico
746 3736 766 3772 h.
782 3737 797 3773 1.
818 3738 866 3775 Al.
881 3735 938 3772 1³1⁶.
948 3736 968 3773 a.
1038 3735 1055 3781 I)
1073 3735 1154 3774 lnsclsa
1175 3735 1222 3773 Rs.

102 3794 126 3835 a}
145 3789 232 3836 rapinas
248 3789 293 3825 Be.
358 3788 380 3835 h)
401 3795 460 3826 ortos
479 3790 525 3827 Ar.
538 3792 569 3828 1¹.
638 3790 653 3837 i)
671 3789 776 3838 abljssent
795 3789 839 3828 ΒΞ,
909 3789 932 3836 k)
952 3785 1111 3837 appenderent
1131 3790 1178 3826 Al.
1191 3790 1222 3826 1³.

103 3842 118 3883 Ι)
133 3842 213 3879 inferre
229 3841 274 3879 ur.
337 3846 366 3888 m)
382 3839 507 3880 reddituum
523 3843 596 3883 Bar.
658 3848 680 3885 n]
696 3843 813 3890 prepropia
828 3842 887 3880 1³1⁸.
950 3844 972 3885 o)
986 3841 1105 3880 extrirrsico
1120 3840 1182 3879 Blb.

104 3968 129 4030 l)
148 3967 237 4016 Huius
256 3972 371 4032 treupae,
390 3983 470 4032 qnam
490 3966 692 4028 ‘Lanrlsr·r’cderr'
711 3966 832 4024 de'tu'ruus,
858 3982 875 4015 a
900 3966 1049 4030 Thurr'npr'a
1068 3967 1224 4015 constrictae

104 4038 197 4102 Lamp.
217 4039 294 4087 eriam
316 4056 340 4090 a.
357 4041 433 4097 liliil,
461 4040 538 4100 Infra
560 4054 586 4102 p,
602 4040 660 4090 116,
680 4039 834 4086 circationem
854 4037 924 4099 fecit,
952 4037 1043 4086 iisdem
1063 4036 1120 4098 sere
1139 4036 1254 4087 cerasa

102 4125 174 4160 vturrea.
266 4113 292 4173 2)
319 4109 373 4160 Hoc
399 4125 486 4158 rerum
515 4109 624 4168 miletae,
652 4124 734 4171 recem
761 4108 856 4157 scillcet
882 4107 971 4157 leuiter·
995 4107 1042 4157 boc
1073 4107 1223 4170 Thurr'npt‘s

98 4182 271 4245 praecepisse,
357 4182 383 4243 3)
404 4181 474 4232 Ana.
496 4179 640 4239 (litabar,
659 4178 707 4231 SS,
727 4179 754 4233 l',
770 4195 798 4243 p.
813 4182 837 4231 7,
858 4195 914 4227 eum
933 4184 1037 4243 pubem
1056 4180 1116 4241 reci
1134 4193 1223 4228 recon-

102 4250 206 4299 cr'Ir'nasc
218 4251 338 4303 tradunt.
359 4251 400 4312 (Ὺ.
416 4250 548 4299 lala-ace
563 4267 590 4314 p.
600 4253 642 4302 21.
698 4252 725 4313 4)
739 4250 781 4311 (fs.
797 4249 903 4302 (Ieneal.
919 4249 1030 4310 werria,
1048 4251 1096 4302 δ’δ’,
1107 4248 1222 4308 XXIII,

98 4338 128 4386 p.
148 4324 208 4373 227.
288 4325 315 4386 5)
338 4322 360 4371 Α
381 4323 497 4386 proprio
515 4336 589 4370 ser-eo
612 4336 668 4369 eam
688 4323 798 4369 oece'cum
819 4336 871 4370 esse
888 4320 951 4368 dicit
971 4319 1074 4373 Elaea.
1099 4336 1124 4372 a.
1147 4322 1222 4381 1070,

101 4390 150 4443 SS.
169 4392 213 4453 l'I,
231 4409 258 4457 p,
272 4397 341 4450 ‘lilla'
359 4392 403 4441 ael
421 4392 486 4441 elam
506 4393 617 4441 cecinam
637 4392 708 4443 Ana
724 4390 857 4442 Ollenbm:
878 4391 893 4444 I.
907 4391 923 4443 I.
1232 4405 1255 4443 la
