2842 5026
381 407 582 464 LAMPERTI
599 409 789 465 annuas.
825 410 862 464 A.
882 414 959 468 1075.
1183 415 1237 468 213

125 579 198 661 bins,
230 592 285 655 cui
316 592 562 656 contumeliam
592 592 765 665 fecissent,
797 593 846 656 sic
868 596 998 658 temere
1021 594 1234 677 ingererent;
1248 592 1325 646 1075.

125 669 266 762 alioquin
296 682 394 763 regia
423 701 568 745 censura
597 682 847 746 coerciturum·
875 702 910 746 se
937 683 1055 747 hostes
1078 660 1386 766 publicos‘m'm

129 766 160 826 et
186 768 399 834 insidiatores
428 770 536 853 regni,
566 771 626 852 qui
656 771 719 834 snb
750 773 911 854 pretextu
938 769 1122 853 legationis
1146 793 1236 835 men·

134 849 216 920 dacia
238 879 299 921 sua
322 879 385 941 per
407 858 574 942 populum
597 863 751 923 sererent
773 859 818 923 ad
842 859 1079 923 sollicitandos
1103 861 1235 924 animos

125 946 309 1030 ⁵principum
348 952 384 1011 et
421 946 674 1030 expeditionem
716 968 814 1010 snam
851 948 1116 1031 impediendam.
1178 949 1236 1012 Ita

140 1032 224 1120 legati
245 1036 319 1099 sine
343 1036 472 1100 effectu
494 1036 622 1100 reversi
644 1040 736 1099 sunt.
772 1036 906 1100 Iterum
925 1036 1010 1100 alios
1030 1040 1134 1119 atque
1149 1036 1235 1101 alios

142 1126 296 1200 miserunt,
329 1125 389 1189 sed
413 1125 533 1188 eodem
557 1145 674 1188 omnes
697 1125 810 1207 rigore
833 1124 1032 1188 obfirmatas
1055 1128 1176 1188 contra
1200 1146 1235 1190 se

142 1214 309 1279 teniores
339 1234 443 1295 quam
472 1233 573 1277 aures
599 1214 712 1296 regias
734 1214 941 1278 invenerunt
951 1214 973 1276 ¹.
1020 1213 1132 1277 Semel
1157 1236 1235 1278 curn

141 1323 208 1366 nnus
239 1301 434 1383 legatorum
464 1305 604 1385 captata
637 1300 706 1365 loci
736 1306 772 1366 et
800 1303 965 1385 temporis
998 1304 1235 1386 oportunitate

125 1410 165 1456 nse
187 1390 373 1475 inprovisus
402 1391 440 1452 in
470 1394 692 1474 conspectum
723 1391 813 1474 regis
836 1391 1062 1475 proripuisset
1090 1396 1125 1455 et
1149 1412 1235 1474 quae

135 1479 353 1542 inmandat-is
383 1478 535 1543 habebat
565 1479 723 1563 proloqui
748 1480 903 1563 cepisset,
934 1481 991 1542 vix
1019 1480 1063 1542 ad
1086 1480 1235 1562 primurn

131 1568 279 1632 sermonis
310 1568 487 1631 exordium
523 1568 605 1631 dato
635 1567 774 1631 silentio
804 1568 923 1631 statim
954 1589 1031 1632 cum
1062 1569 1158 1651 gravi
1188 1569 1236 1631 in·

129 1655 316 1739 dignatione
347 1657 494 1720 reiectus
522 1660 588 1733 est,
621 1659 656 1720 et
686 1678 765 1720 cum
792 1655 836 1719 ab
867 1649 1052 1720 Udalricob
1087 1659 1233 1739 quodam

125 1746 211 1827 regio
226 1744 377 1809 satellite
397 1746 637 1808 incrastinum
657 1745 844 1808 servandus
861 1745 1032 1809 abductus
1048 1744 1103 1809 rel
1116 1747 1235 1828 pocius

125 1831 277 1918 abreptus
300 1834 434 1909 fuisset,
465 1834 640 1917 prorrimoe
669 1854 779 1909 mane,
811 1833 915 1898 elusis
939 1834 1149 1911 custodibus,
1179 1835 1236 1897 vix

125 1919 190 1986 sta
210 1923 334 1986 comite
359 1923 493 2006 effugit.

220 2011 357 2075 Dehinc
388 2011 516 2075 crebris
546 2010 778 2092 legationibus
808 2011 921 2074 adorti
956 2012 1078 2076 ducem
1108 2011 1236 2075 Rudol·

125 2094 222 2173 uml,
248 2101 372 2163 ducem
396 2099 658 2174 Berhtoldum⁰,
690 2101 813 2163 ducem
837 2099 1043 2164 Gozelonem
1068 2104 1104 2164 et
1127 2105 1235 2164 caete·

125 2201 172 2251 os
194 2189 366 2272 principes
376 2191 396 2261 2,
428 2209 513 2270 quos
536 2189 710 2272 superiore
738 2188 830 2253 bello
854 2189 1101 2252 coniurationis
1125 2190 1234 2253 socios

125 2277 318 2354 tabuerant,
344 2278 446 2342 fidem
467 2277 664 2359 implorant,
688 2277 825 2353 federis,
848 2279 940 2359 quod
956 2272 1233 2361 pepigissentf·³,

125 2362 311 2441 simoneni,
336 2366 646 2448 obtestanturqueg
672 2386 733 2448 per
756 2365 879 2439 Deum,
904 2387 966 2449 per
988 2367 1085 2430 cuius
1108 2387 1233 2431 nomen

125 2469 150 2515 n
169 2455 271 2517 nnius
296 2447 536 2537 eiusdemqueh
555 2454 704 2518 miliciae
728 2460 943 2519 sacramenta
964 2456 1145 2530 iurassent,
1171 2449 1227 2518 uti

125 2543 222 2606 tssint
247 2543 533 2626 periclitantibus,
559 2546 594 2607 et
617 2537 728 2607 sicut¹1
747 2544 841 2626 prius
862 2545 1012 2626 gerendo
1033 2544 1124 2608 bello
1143 2544 1234 2607 favo-

125 2651 184 2696 rem
209 2653 320 2709 snum,
345 2633 396 2694 ita
418 2653 510 2695 nunc
532 2632 745 2715 reparandae
769 2633 856 2716 paci,
884 2633 1045 2715 quoniam
1070 2653 1127 2697 eos
1151 2633 1234 2697 belli

125 2721 280 2802 reniteat,
312 2720 477 2783 auxilium
509 2720 758 2803 consiliumque
788 2742 889 2784 suum
917 2743 988 2785 non
1016 2722 1233 2785 subtrahant.

125 2807 182 2873 led
212 2811 304 2892 regis
334 2811 527 2893 prudentia,
560 2830 627 2891 qua
657 2803 777 2892 supra¹
808 2814 958 2874 aetatem
989 2831 1086 2874 suam
1109 2811 1234 2872 mirum

125 2919 149 2960 n
179 2899 321 2961 modum
350 2898 508 2975 callebat,
540 2899 656 2961 omnia
678 2902 840 2981 sepserat,
865 2919 982 2963 omnes
1005 2899 1088 2973 rias,
1117 2919 1234 2962 omnes

125 2986 230 3050 nitus
254 2986 482 3050 obstruxerat.
525 2987 702 3069 Siquidem
725 3008 746 3050 a
769 2988 903 3051 cunctis
927 2987 1141 3072 principibus
1164 2987 1234 3049 suis

126 3075 353 3138 usiurandum
377 3079 565 3159 acceperat,
590 3076 682 3157 quod
705 3075 819 3139 nullas
843 3096 961 3141 eorum
984 3076 1175 3157 legationes
1199 3095 1234 3138 se

124 3163 312 3227 nconsulto
336 3165 557 3248 susciperent,
588 3166 680 3246 quod
711 3185 769 3229 eos
796 3185 859 3228 nec
883 3164 986 3227 armis
1008 3163 1147 3247 publice
1171 3183 1234 3226 nec

125 3252 266 3317 consiliis
297 3262 428 3317 secreto
455 3257 655 3317 tutarentur
683 3273 747 3316 nec
777 3252 843 3316 sibi
873 3273 934 3335 pro
964 3252 1012 3315 eis
1036 3272 1153 3334 preces
1177 3250 1235 3314 ali-

125 3343 253 3424 quando
283 3342 618 3424 supplicationesque
649 3342 835 3415 deferrent,
866 3341 975 3404 donec
1006 3360 1042 3403 se
1073 3342 1235 3423 acceptae

125 3430 158 3493 rb
175 3431 224 3493 eis
240 3431 448 3512 ignominiae
465 3430 635 3494 maculam
652 3430 758 3512 digna
774 3429 1068 3493 animadversione
1085 3427 1235 3492 eluisse¹¹²

125 3539 187 3602 pse
211 3520 314 3582 iudex
337 3519 503 3601 testisque
525 3519 706 3582 fateretur.
753 3518 810 3580 Ita
833 3538 1048 3601 quocumque
1070 3517 1235 3581 intendis·

125 3612 206 3683 ent,
243 3629 492 3690 quamcumque
527 3609 617 3670 viam
649 3610 953 3691 pertemptassent,
991 3607 1107 3671 omnia
1137 3606 1236 3671 obfir-

125 3700 243 3766 natan,
268 3696 454 3779 implicata,
479 3696 646 3779 impedita
668 3700 879 3779 repererunt.

222 3785 330 3847 Exin⁰
351 3786 471 3849 crebra
494 3806 554 3868 per
578 3785 760 3849 Saxoniam
784 3785 1072 3869 'l'uringiamquep
1092 3806 1235 3849 conven-

125 3873 224 3937 icula
246 3875 391 3950 faciunt,
417 3874 520 3956 quid‘l
546 3873 641 3938 facto
662 3896 748 3958 opus
772 3875 826 3952 sit,
852 3875 1048 3950 consulunt,
1073 3873 1235 3937 discussis

125 4029 383 4124 coalescas?
397 4028 610 4131 rescissa
624 4025 972 4132 s⁰l.””¹⁰§,t³r?aaslt“tl'
986 4029 1000 4070 ¹·
1014 4026 1236 4126 namsi

125 4135 242 4182 jstlirb,
305 4135 446 4182 mals-131⁸.
514 4134 684 4184 nauperlsrb.
745 4132 956 4180 molummis.
1018 4131 1236 4182 n)cfflrm.Al.l⁸.

125 4187 313 4235 nnxrndssrb.
368 4188 561 4237 p)Thur.Bl.2³.
624 4185 794 4236 qlqnodBl⁸.

125 4327 141 4379 ,)
162 4313 205 4377 Cf.
225 4313 320 4364 Brimo
343 4329 363 4366 c.
381 4314 433 4373 41,·
458 4313 532 4377 epist.
548 4312 636 4376 princ.
656 4310 732 4374 Sca,
751 4309 848 4361 Brund
865 4325 886 4364 c.
899 4311 942 4364 42.
1015 4312 1042 4376 2)
1063 4308 1236 4360 Consentiunt

125 4385 211 4434 3rnno
224 4400 244 4435 c.
254 4387 298 4448 ta,
316 4386 390 4451 epist.
406 4385 495 4449 princ.
509 4382 585 4447 Sacc,
602 4381 636 4435 ib.
650 4398 670 4436 c.
683 4383 728 4437 42.
782 4383 810 4448 3)
824 4381 866 4445 Cf.
878 4396 965 4448 supra
978 4399 1007 4449 p.
1022 4383 1081 4436 157.
1095 4380 1156 4444 165,
1169 4395 1197 4435 η.
1209 4381 1236 4434 4.

1272 4572 1383 4720 Δ
