2842 5026
460 394 660 449 LAMPERTI
678 394 867 450 Annaeus.
904 396 939 450 A.
960 399 1037 453 1065.
1279 401 1313 453 99

186 578 279 640 nihil
303 578 341 640 in
363 578 540 642 redeundo
557 578 708 661 perpessi
724 577 875 640 Liciam⁸⁸
896 582 1134 660 pervenerunt,
1160 573 1308 661 gratiasb
1326 591 1401 644 1065.

189 666 264 730 Deo
296 667 516 738 referentes,'
535 665 627 747 quod
657 666 822 730 emensisc
852 669 904 728 tot
932 687 1044 729 rerum
1070 668 1313 749 asperitatibus

188 756 285 819 vivos
315 775 375 818 eos
406 758 441 818 et
471 754 660 818 incolumes
690 755 726 816 in
757 758 872 816 tutum
903 755 1121 818 restituisset.
1168 755 1219 817 Ex
1249 757 1313 819 hoc

190 864 251 926 per
274 844 544 906 christianorum
569 843 654 906 fines
678 842 826 906 reditum
851 843 1060 906 facientibus
1081 844 1197 906 omnia
1220 844 1313 908 cede·

166 932 275 995 abant
315 952 359 995 ex
394 931 576 995 sententia.
630 930 758 994 Verum
798 935 1019 1014 posteaquam
1055 931 1090 993 in
1126 931 1312 1014 Ungariam

189 1027 333 1083 rentum
352 1025 414 1094 est,
440 1013 662 1083 (iruutherus‘1
680 1019 994 1102 Babenbergensis⁶
1016 1020 1205 1102 episcopus,
1228 1022 1312 1083 heul

189 1109 368 1170 inmatura
384 1111 494 1171 morte
511 1111 704 1190 preventus,
730 1128 911 1190 prosperae
928 1129 967 1171 ac
984 1108 1095 1173 laetae
1112 1110 1314 1172 reversionis

190 1196 376 1278 lugubrem
393 1196 552 1260 omnibus
576 1196 705 1260 exitum
729 1196 825 1259 fecit.
865 1196 1021 1260 Decessit
1040 1200 1155 1260 autem
1173 1197 1215 1259 X.
1234 1197 1312 1260 Kal.

190 1285 377 1366 Augusti¹‚
402 1288 517 1348 aetate
540 1284 676 1366 integra
699 1277 755 1347 ets
775 1284 818 1346 ad
839 1284 1083 1366 perfruendum
1109 1285 1173 1348 hoc
1198 1286 1313 1349 seculo
1324 1305 1409 1345 arsa.

155 1395 180 1433 ro
190 1373 340 1436 maxime
371 1376 541 1444 maturass,
573 1373 624 1434 vir
654 1376 769 1455 preter
795 1393 927 1435 morum
952 1373 1096 1496 adoriam
1121 1377 1156 1436 et
1180 1374 1313 1437 animae

190 1461 336 1524 divicias
360 1461 512 1543 corporis
527 1481 662 1543 quoque
687 1461 785 1524 bonis
808 1461 962 1543 adprime
1011 1465 1162 1524 ornatus.
1201 1462 1314 1525 Natus

190 1552 265 1612 erat
290 1570 333 1613 ex
358 1549 477 1632 primis
500 1549 634 1632 palacii,
660 1549 802 1631 privatis
820 1549 1088 1631 possessionibus
1110 1554 1225 1632 preter
1248 1552 1314 1633 epi-

189 1641 374 1720 scopatum
405 1637 704 1708 affluentissimus,
737 1637 856 1720 lingua
887 1642 1065 1720 promptus
1096 1642 1130 1701 et
1160 1639 1313 1714 consilio,

189 1725 321 1789 litteris
345 1725 502 1790 eruditus
525 1729 597 1788 tam
614 1725 738 1788 divinis
762 1747 864 1807 quam
889 1726 1057 1801 humanis,
1083 1730 1157 1789 tum
1182 1731 1316 1790 statura

154 1819 225 1876 raet
259 1814 393 1878 formae
424 1814 598 1896 elegantia
626 1834 666 1876 ac
696 1814 808 1877 tocius
838 1815 988 1897 corporis
1015 1815 1217 1897 integritate
1241 1809 1306 1877 ita¹

189 1897 361 1966 caeteris¹
388 1903 541 1965 eminens
572 1902 791 1977 mortalibus,
823 1906 863 1965 ut
893 1903 929 1964 iu
952 1902 1014 1965 illo
1039 1903 1314 1966 lerosolimitano

188 1991 319 2054 itinere
348 2011 389 2054 ex
418 1990 562 2053 urbibus
592 1993 628 2054 et
658 1991 749 2073 agris
779 1990 958 2072 spectandi
993 1991 1066 2054 eius
1096 1991 1211 2054 studio
1242 2013 1314 2074 pro·

188 2079 351 2150 fluerent,
377 2083 412 2143 et
436 2079 522 2143 bene
546 2099 661 2142 secum
685 2083 800 2141 actum
825 2079 989 2149 crederet,
1019 2080 1074 2142 eui
1098 2100 1175 2143 eum
1199 2080 1315 2144 videre

188 2167 407 2249 contigisset.
446 2167 556 2244 Unde,
582 2188 659 2230 cum
684 2167 804 2249 positis
828 2167 936 2230 eisin
960 2167 1146 2231 diversorio
1170 2168 1314 2251 plerum·

143 2276 259 2337 suque
284 2256 388 2318 turba
409 2255 642 2338 intemperans
666 2259 807 2338 propter
823 2275 900 2319 eum
924 2256 1025 2318 nimis
1045 2256 1190 2320 molesta
1213 2257 1313 2333 foret,

188 2344 392 2428 compulsus
427 2347 479 2408 est
513 2343 721 2426 aliquotiens
755 2365 776 2406 a
810 2344 954 2408 caeteris
984 2344 1167 2467 episeopis,
1205 2349 1244 2406 ut
1278 2346 1315 2408 in

189 2433 372 2515 publicum
397 2433 597 2515 procederet
621 2436 656 2496 et
676 2432 890 2496 obsidentem
914 2432 1006 2496 fores
1054 2433 1314 2497 multitudinem

188 2541 257 2585 suo
274 2521 471 2604 spectaculo
495 2542 515 2583 a
531 2524 744 2584 caeterorum
760 2521 940 2585 vexatione
957 2525 1126 2584 avocaret.
1165 2521 1312 2584 Tantum

189 2610 288 2673 huuc
312 2609 530 2673 transitoriae
553 2608 733 2672 felicitatis
757 2609 973 2692 splendorem
998 2610 1090 2673 vitae
1117 2610 1316 2674 innocentia

142 2702 229 2763 sset
256 2719 387 2761 morum
411 2697 642 2780 temperantia
658 2697 836 2761 clariorem
860 2698 897 2759 in
921 2718 960 2761 eo
985 2698 1314 2781 cumulatioremque

189 2786 381 2850 faciebant.
427 2785 518 2848 Nam
548 2790 682 2848 tautam
713 2786 749 2847 in
780 2806 814 2849 se
838 2786 1017 2868 utriusque
1026 2791 1049 2821 '¹¹
1073 2787 1221 2849 hominis
1245 2788 1314 2869 glo-

189 2875 291 2948 riam,
322 2895 424 2956 quam
454 2894 572 2937 omnes
602 2874 825 2948 mirabantur,
857 2874 950 2937 solus
979 2875 1052 2957 ipse
1075 2876 1146 2937 ita'1
1174 2880 1315 2958 propter

190 2963 308 3027 Deum
345 2962 646 3046 contempnebat0,
686 2967 725 3024 ut
760 2963 898 3026 infimae
933 2983 1067 3045 quoque
1103 2964 1314 3026 condicionis

190 3052 391 3115 homiuibus
421 3051 621 3133 popularem
656 3071 691 3114 se
722 3071 1004 3132 communemque
1035 3052 1193 3134 preberet
1228 3055 1263 3116 et
1294 3074 1315 3115 a

150 3140 319 3207 asenne
350 3139 420 3202 suis
450 3140 651 3222 plerumque
682 3139 845 3201 maximas
876 3139 1056 3203 verborum
1087 3140 1313 3203 contumelias

190 3228 326 3291 inultus
342 3228 524 3311 acciperet.
560 3226 696 3292 Celebri
713 3248 793 3309 ergo
810 3249 935 3310 pompa
958 3228 1089 3292 funeris
1112 3229 1149 3290 in
1166 3229 1313 3311 patriam

191 3321 390 3399 reportatus
413 3321 448 3380 et
471 3316 603 3399 magnis
619 3316 772 3379 omnium
796 3317 855 3397 qui
879 3337 957 3380 eum
981 3320 1147 3380 noverant
1171 3316 1312 3399 planeti-

192 3407 258 3469 bus
288 3408 468 3487 exceptus‚
499 3405 537 3467 in
560 3404 839 3487 Babeubergensi
870 3405 1051 3480 aecclesia,
1080 3404 1140 3467 ubi
1164 3425 1184 3467 a
1207 3426 1313 3487 puero

191 3494 407 3570 adoleverat,
439 3493 596 3576 sepultus
626 3497 688 3557 est.
736 3493 907 3556 Successit
931 3493 963 3556 ei
992 3493 1029 3555 in
1052 3493 1308 3575 episcopatumq

154 3583 427 3650 ssHerimannus
442 3582 663 3645 vicedomnus
680 3581 913 3664 Mogontinus,
938 3582 1056 3664 quiin
1081 3582 1199 3645 eadem
1224 3582 1313 3646 Iero-

128 3673 131 3677 ’
192 3671 391 3734 solimitana
421 3670 717 3752 peregrinationer
745 3670 972 3744 constitutus,
1004 3670 1086 3732 dum
1117 3691 1194 3734 eum
1223 3671 1313 3732 inva-

191 3759 345 3824 lescente
376 3758 494 3821 morbo
524 3758 568 3821 ad
604 3757 733 3821 exitum
769 3758 885 3840 urgeri
919 3758 1067 3831 videret,
1105 3758 1312 3842 legationem

192 3848 349 3931 premisit
373 3847 417 3910 ad
433 3846 641 3910 necessarios
657 3866 746 3921 suos,
771 3846 896 3928 quibus
913 3847 1025 3929 patria
1049 3847 1215 3911 excedens
1232 3868 1313 3911 suae

190 4021 213 4067 sl
228 4020 311 4059 Litium
325 4018 373 4058 Bt.
422 4018 500 4068 1))μί
515 4018 573 4057 1³1⁵.
623 4018 644 4067 c)
658 4018 748 4056 imsusls
763 4018 827 4067 3¹⁸3
843 4018 934 4057 emersis
948 4017 1010 4058 Blb.
1061 4016 1084 4065 d)
1098 4017 1208 4057 Guuterus
1224 4019 1270 4056 Al.
1281 4021 1312 4056 1¹.

156 4071 490 4121 wslbsbeuburgenslsfllb.
549 4071 717 4120 oom.Bl.2.
777 4071 801 4121 g)
815 4076 895 4110 natura
909 4071 970 4111 1³1⁸.
1031 4070 1197 4121 hlspprdlt.
1259 4072 1314 4120 lint

191 4125 321 4164 eadum.
390 4123 576 4175 klcunetmllt.
644 4125 660 4175 l)
679 4124 793 4163 tortelli.
861 4124 1094 4173 mlhom.utr.132.
1163 4126 1186 4173 n)
1205 4125 1312 4163 otalii.

191 4186 213 4228 ο)
227 4184 339 4218 contemn.
354 4179 373 4216 A
383 4181 402 4217 1.
469 4176 493 4226 p)
513 4178 585 4216 verbis
599 4177 649 4224 del„
664 4182 683 4215 et
697 4179 720 4215 ln
734 4189 806 4226 maro.
821 4189 879 4216 corr.
895 4179 963 4216 servis
977 4177 1024 4216 132.
1093 4178 1117 4227 q)
1131 4179 1259 4228 episcopatu
1273 4179 1313 4216 At

190 4232 257 4271 sclua
314 4231 334 4280 r)
346 4231 523 4281 perigrinaclone
537 4230 576 4269 131
591 4233 640 4278 (per
654 4230 698 4270 lar.
714 4242 772 4269 corr.
789 4231 832 4270 Ier.
848 4241 897 4280 per.
912 4230 932 4269 Β
942 4230 983 4277 lb).

193 4358 219 4421 1)
238 4356 272 4407 In
292 4354 446 4420 Oedenturq
462 4357 573 4419 ciuitate,
593 4362 623 4406 ut
642 4356 712 4408 Ano.
732 4355 825 4408 Altae.
845 4355 948 4407 babent.

992 4460 1314 4625 sabaeas
