2842 5026
389 403 590 458 LAMPER'I'I
607 402 797 458 Ai'xsnus
834 405 870 457 A,
890 408 941 460 101
942 407 968 459 d.
1188 407 1242 458 277

125 585 218 661 edis,
253 586 465 689 Sigehardus
495 587 692 670 patriarcha
714 586 946 668 Aquileiensis
973 590 1009 650 et
1031 573 1336 685 Altmannuslfflss·

125 672 337 739 ?stavieusis
367 675 557 758 episcopus
587 676 640 737 vir
668 675 879 757 apostolieae
909 675 1179 737 conversationis
1206 643 1296 739 etffl'

125 783 325 846 unguntum
357 764 391 825 in
417 763 556 827 Christo
579 764 758 829 virtutum
789 764 846 826 cui
876 784 965 846 papa
988 764 1080 826 vices
1103 783 1183 826 suas
1206 764 1243 826 in

125 849 348 934 dispositione
380 852 688 915 ecclesiasticarum
724 872 904 914 causarum
935 851 1169 934 delegaverat.
1207 855 1243 916 et

125 939 200 1003 laici
232 940 407 1013 nonnulli,
438 941 498 1022 qui
528 941 662 1023 magnis
691 941 815 1023 opibus
844 940 976 1003 relictis
1005 940 1100 1002 ultro
1131 961 1168 1003 se
1197 941 1242 1002 ad

125 1028 292 1110 privatam
322 1032 529 1110 tenuemque
559 1029 665 1091 vitam
696 1033 838 1111 propter
867 1028 980 1091 Deum
1011 1028 1241 1093 contulerant.

125 1116 256 1180 missia
271 1116 428 1180 Romano
451 1117 624 1199 pontifice,
649 1120 688 1178 ut
711 1116 825 1199 palam
849 1117 1010 1179 omuibus
1032 1138 1095 1199 per
1110 1115 1243 1180 Gallias

125 1208 403 1269 contestarentur
438 1205 540 1268 iustis
575 1205 619 1268 de
653 1206 765 1268 causis
799 1205 1133 1268 excommunicatum
1169 1226 1242 1269 esse

125 1312 235 1376 regem
253 1293 481 1357 Heinricum¹
504 1298 540 1357 et
562 1293 607 1356 ad
626 1293 824 1375 eligendum
847 1293 954 1355 aliurn
981 1289 1140 1376 [tegeor‘l
1165 1315 1242 1376 apo·

125 1381 235 1445 stolici
267 1402 453 1445 cousensus
488 1385 522 1446 et
555 1383 774 1445 auctoritatis
804 1382 1008 1464 suffragium
1043 1382 1242 1464 polliceren-

127 1474 178 1533 tur
188 1471 210 1530 ².
259 1464 330 1532 Hib
358 1491 421 1534 nec
451 1471 599 1553 principi
628 1491 691 1534 nec
716 1471 850 1553 privato
874 1471 1048 1552 cuiquam,
1080 1472 1139 1553 qui
1169 1472 1243 1554 regi

127 1556 289 1622 Heinrico
313 1559 408 1622 dicto
429 1559 484 1622 rel
507 1559 603 1622 facto
626 1559 846 1641 aliquatenus
873 1563 950 1641 post
974 1560 1242 1622 excommunica·

128 1646 251 1710 tionem
288 1648 587 1716 communicasset.
624 1648 876 1710 communicare
914 1646 1092 1713 volebant,
1133 1648 1242 1711 donee

125 1735 260 1816 publice
288 1736 463 1818 professus
490 1737 718 1818 penitentiam
742 1757 803 1818 per
824 1734 1052 1797 Altmaunum
1076 1736 1241 1798 ricarium

125 1822 269 1887 Romani
294 1824 466 1906 pontificis
484 1826 706 1888 anathemate
725 1823 970 1887 absolveretur.
1010 1824 1089 1886 Pari
1105 1824 1243 1887 cautela

125 1932 239 1975 sorum
276 1932 410 1995 quoque
445 1915 718 1976 communionem
749 1913 921 1987 vitabant,
953 1913 1012 1994 qui
1042 1913 1242 1994 presbiteris

125 2001 318 2083 coniugatis
348 2001 402 2064 vel
433 2002 482 2064 eis
512 2002 570 2083 qui
594 2001 844 2065 ecclesiasticas
867 2001 1102 2063 ordinationes
1126 2001 1241 2083 precio

125 2092 404 2172 *omparaverant
427 2090 464 2151 in
487 2090 641 2152 oratione
665 2090 985 2152 communicassent.
1024 2089 1091 2152 Per
1108 2094 1240 2171 septem
1251 2114 1389 2157 omre-rr.

125 2180 239 2258 taque
270 2178 452 2241 continuos
482 2178 555 2241 dies
585 2177 729 2241 consilia
752 2177 1001 2243 conferentes⁸.
1033 2177 1115 2259 quid
1146 2178 1241 2240 facto

125 2285 207 2348 ›pus
239 2269 338 2340 esset,
370 2287 438 2347 qua
466 2267 600 2328 ratione
630 2266 844 2348 periclitanti
873 2270 908 2328 et
939 2266 1077 2327 iamiam
1105 2267 1241 2328 naufra-

125 2354 217 2436 gium
242 2355 418 2416 minitanti
447 2354 497 2417 rei
521 2354 680 2437 publicae
704 2353 953 2417 consulendum
976 2354 1077 2419 foret.
1109 2355 1240 2437 perqui-

125 2441 256 2505 rebant.
291 2443 520 2524 Replicabant
543 2443 586 2504 ab
606 2446 736 2507 tenero.
760 2447 800 2504 ut
817 2443 946 2517 aiunt⁴‚
971 2463 1088 2525 ungue
1104 2463 1240 2506 omnem

125 2530 213 2594 ritae
237 2531 328 2613 regis
351 2531 615 2607 institutionem,
639 2531 765 2613 quibus
781 2530 923 2613 probris.
947 2530 1073 2612 quibus
1096 2531 1240 2613 flagiciis

125 2619 410 2683 existimationem
441 2639 537 2682 suam
565 2620 737 2701 decusque
767 2619 902 2701 imperii
930 2619 1091 2680 vixdum⁰
1119 2619 1240 2682 adulta

125 2712 237 2771 aetate
260 2708 482 2775 maculasset;
514 2729 598 2790 quas
625 2708 768 2770 iniurias
792 2707 947 2789 singulis.
979 2728 1063 2789 quas
1092 2708 1130 2769 iu
1153 2728 1240 2770 com-

125 2817 226 2859 mune
242 2796 410 2865 omnibus.
434 2796 495 2858 ubi
511 2797 659 2879 primum
676 2796 869 2879 pubertatis
884 2816 993 2858 annos
1009 2796 1138 2877 attigit,
1160 2796 1240 2857 irro-

125 2890 251 2967 gassem
274 2885 375 2967 quod,
398 2885 537 2948 remotis
553 2906 573 2947 a
589 2879 849 2947 familiaritated
870 2904 932 2946 sua
947 2883 1169 2966 principibus.
1191 2883 1240 2944 in·

125 2975 238 3036 limose
268 2974 423 3036 homines
447 2977 482 3036 et
506 2972 612 3035 nullis
635 2973 821 3036 maioribus
851 2976 945 3035 ortos
972 2972 1113 3034 summis
1137 2972 1240 3033 hono·

125 3061 216 3125 ribus
247 3061 449 3124 extulisset³
478 3066 513 3124 et
543 3082 621 3124 eum
651 3062 700 3124 eis
732 3065 850 3123 noctes
878 3061 1020 3142 perinde
1044 3081 1083 3122 ac
1108 3059 1240 3122 diesin

125 3149 429 3214 deliberationibus
452 3150 636 3221 insumens,
668 3148 840 3218 ultimum.
869 3149 898 3211 si
921 3149 1038 3230 possit,
1063 3147 1239 3211 nobilitati

125 3239 363 3302 exterminium
380 3239 651 3312 machinaretur;
677 3238 778 3320 quod,
797 3237 951 3299 barbaris
967 3237 1128 3318 gentibus
1144 3257 1239 3299 vaca·

125 3413 142 3458 ι)
160 3412 217 3449 deca
236 3411 322 3457 131.a;
344 3412 370 3456 rs.
389 3422 458 3459 cupra
472 3423 497 3458 p.
510 3411 561 3458 276,
581 3412 595 3452 1.
609 3412 642 3452 bl.
706 3408 728 3458 b)
747 3408 784 3447 llil
804 3418 876 3446 omncs
894 3408 914 3446 B
927 3407 973 3451 m,
1035 3409 1056 3453 c)
1074 3408 1113 3446 uix
1130 3413 1176 3446 tum
1191 3411 1240 3450 Al.

125 3464 143 3509 1)
157 3465 263 3504 tamtlur.
277 3466 296 3502 A
308 3466 325 3504 1.
382 3467 404 3511 s)
417 3463 510 3503 {munos
525 3463 544 3501 B
555 3463 587 3506 lb.

125 3588 287 3640 rundacium
311 3588 358 3638 boc
379 3588 503 3652 protulit.
541 3589 565 3638 Α
590 3586 731 3637 nonnullis
752 3586 857 3651 quidm
883 3584 1022 3635 Sororium
1047 3590 1070 3636 ct
1096 3584 1238 3636 Sacrorum

125 3659 152 3712 si.
165 3675 186 3711 e.
200 3659 321 3721 liudolfo
338 3659 413 3725 duce)
432 3665 494 3709 tune
511 3659 542 3709 de
560 3659 617 3708 olio
635 3674 693 3722 repe
711 3656 828 3722 dependo
846 3661 990 3707 tractatum
1008 3672 1061 3708 csse
1078 3658 1158 3707 etiarn
1173 3657 1239 3707 Ber·

125 3730 203 3782 bold.
220 3746 248 3794 p
262 3731 322 3783 286.
341 3737 365 3780 et
384 3730 479 3780 Bruno
496 3746 517 3779 c.
529 3731 573 3783 88.
599 3734 738 3790 eruantur,
765 3744 810 3779 noc
831 3734 919 3779 tumen
937 3743 1025 3778 omnes
1042 3743 1087 3779 nec
1102 3728 1240 3794 plerosquo

125 3803 275 3867 uriircipum
293 3800 341 3850 boc
353 3801 464 3851 coluisse
481 3802 555 3849 erritu
573 3804 711 3850 conuentus
727 3799 913 3850 Triburiensis
931 3801 985 3848 inm
1003 3798 1142 3864 paunus
1170 3797 1241 3859 Quid

125 3873 242 3924 fautores
251 3888 340 3938 papae
357 3877 419 3921 tunc
431 3871 484 3921 sibi
492 3872 699 3954 proposuissent,
720 3873 775 3935 ipsc
786 3871 899 3921 edocet'
888 3886 917 3919 m
929 3869 1040 3935 cpittola
1052 3871 1117 3919 doto
1132 3869 1184 3919 001.
1194 3870 1238 3930 31,

125 3948 260 4008 antequam
284 3943 314 3993 de
332 3944 405 3992 exitu
422 3943 548 4006 colloquii
567 3940 795 4007 Opporteimcnsis
817 3942 946 3990 nuncium
969 3939 1087 4001 haberet,
1113 3905 1241 4000 Grrporii
1317 3994 1320 4001 Ι

125 4013 184 4077 uoq
203 4014 284 4077 11’,”
273 4036 293 4073 ι
321 4013 369 4066 lt
386 4014 631 4078 p.251sq.1)
655 4011 719 4061 Vide
738 4011 864 4074 Greporii
887 4013 962 4076 epist
986 4010 1022 4058 ad
1040 4024 1127 4059 munes
1148 4007 1239 4057 Teuto-

125 4086 192 4135 nicos
211 4053 311 4147 riniani,
332 4083 417 4147 Joffd,
438 4083 507 4135 Bihl
527 4082 566 4147 ΙΙ,
584 4097 612 4146 p
626 4084 679 4135 030
690 4097 755 4146 sqq
775 4096 818 4133 nr.
833 4083 875 4133 14.
960 4082 988 4143 2)
1006 4078 1065 4128 Hoc
1082 4082 1240 4128 conrmentus

125 4155 270 4222 astIArmp
303 4156 344 4219 Cf.
367 4156 494 4218 brepom
511 4154 574 4216 lieo
594 4153 688 4215 1133,
709 4152 762 4203 il.
784 4152 950 4217 passaw.
1029 4147 1165 4207 3lDocem
1183 4148 1240 4198 dics

125 4229 191 4276 inter
208 4232 338 4276 trcertatua
356 4230 505 4276 transactos
523 4239 575 4273 esse
593 4189 688 4273 scribil
704 4221 840 4274 Berthold.
860 4219 945 4287 (Ano.
965 4220 992 4272 S.
1010 4218 1111 4283 Blasii)
1130 4236 1157 4285 p.
1176 4219 1238 4272 286.

125 4300 148 4357 4)
167 4297 264 4349 Hermai
284 4298 374 4350 Carum
394 4297 453 4358 ΙΙΙ,
474 4298 503 4357 6,
522 4296 572 4346 241
599 4292 633 4343 de
660 4298 754 4343 tenero
780 4290 929 4343 meditatur
953 4289 1046 4358 ungui.
1084 4290 1127 4352 Cf
1153 4305 1238 4354 surpra

125 4371 220 4430 nass,
240 4369 257 4420 Ι.
274 4370 393 4422 lit—³26.
468 4367 495 4431 b)
513 4365 555 4427 Cf.
573 4380 659 4430 scopu
677 4381 703 4430 p
719 4365 768 4417 147
781 4379 820 4429 sq.
841 4366 900 4417 lbl.
919 4365 980 4416 270.
