2842 5026
145 428 199 481 264
418 419 620 475 LAMPERTI
638 417 828 474 ANNAIAES.
865 419 901 474 Δ.
922 420 1002 475 1076.

59 613 135 667 1076.
147 612 241 690 potu,
273 608 309 668 in
340 605 496 668 oratione
520 603 574 667 vel
604 603 641 665 in
671 602 816 666 caeteris
844 602 1004 666 omnibus
1029 599 1283 665 communione

147 697 220 760 eius
260 694 433 777 permissa.
492 692 606 754 Huius
645 691 853 754 auctoritate
892 691 1039 753 animat-i
1081 687 1281 770 complures

147 784 216 855 alii,
248 803 392 865 quorum
425 781 520 844 etin
543 780 657 843 Deum
684 779 769 842 fides
792 779 911 863 purior
933 783 969 843 et
992 779 1039 842 ad
1064 777 1278 859 dignitatern

147 873 196 936 rei
227 870 386 953 publicae
417 869 590 933 sententia
621 867 747 950 pocior,
779 867 948 951 paulatim
975 888 1013 931 se
1037 866 1180 950 palacio
1205 865 1278 928 sub·

146 960 342 1034 trahebant,
375 980 417 1021 ue
442 956 603 1021 videlicet
634 956 909 1040 supradictorum
938 955 1188 1020 communione
1212 976 1297 1016 maa

147 1048 380 1119 calarenturst,
413 1051 448 1109 et
472 1046 516 1108 ad
540 1066 665 1127 regem.
698 1044 779 1108 licet
810 1045 938 1108 crebris
961 1043 1179 1108 iussionibus
1204 1063 1275 1108 ero·

147 1137 229 1205 cati,
267 1136 378 1198 redire
416 1134 595 1209 nolebant,
637 1133 748 1196 sacius
786 1133 980 1197 iudicantes
1016 1151 1136 1216 regem
1172 1154 1272 1215 quam

147 1225 259 1288 Deum
283 1223 468 1295 offendere,
502 1221 652 1304 corporis
679 1243 781 1304 quam
812 1221 947 1285 animae
971 1221 1196 1304 dispendium
1227 1221 1271 1284 in·

147 1314 270 1376 cidere.
318 1310 378 1373 Illi
409 1315 550 1374 econtra
577 1311 687 1385 irasci,
719 1311 875 1386 fremere,
907 1310 1068 1387 insanire,
1103 1310 1214 1373 minas
1238 1326 1270 1374 et

147 1400 301 1465 convicia
331 1401 367 1461 iu
391 1420 508 1463 omnes
533 1399 659 1482 passim
683 1398 837 1462 iaculari.
885 1398 1057 1462 Iniustam
1082 1402 1119 1462 et
1142 1399 1298 1463 idcircor

146 1488 249 1551 nihili
288 1489 514 1552 estimandam
551 1508 623 1551 esse
658 1487 805 1551 Romani
840 1487 1015 1570 pontificis
1049 1488 1265 1564 sententiam,

146 1579 205 1660 qui
236 1599 271 1640 se
303 1597 365 1640 nec
391 1577 554 1640 canonice
585 1576 629 1638 ad
653 1568 841 1659 synoduml
870 1580 1030 1640 evocatos
1061 1582 1144 1641 uece
1175 1599 1265 1641 cano·

148 1666 222 1728 nice
247 1665 418 1727 discussos
448 1686 511 1728 nec
536 1664 662 1728 obiecti
688 1664 840 1728 criminis
866 1665 964 1727 iuxta
986 1666 1077 1729 scita
1100 1685 1261 1729 canonum

148 1754 322 1817 convictos
356 1752 410 1816 rel
447 1754 621 1817 confessos
661 1753 821 1836 precipiti
855 1753 972 1817 furore
1007 1754 1129 1836 pocius
1168 1776 1258 1836 quam

148 1843 280 1905 ratione
320 1842 659 1906 excommunicasset.
711 1841 919 1925 Episcopum
954 1841 1198 1907 Treverensem
1230 1852 1281 1911 eta

147 1934 309 1997 caeteros,
342 1931 401 2012 qui
432 1951 508 1993 cum
542 1951 581 1993 eo
612 1930 656 1992 ad
687 1931 911 1994 evertendum
942 1930 992 1994 rei
1017 1930 1177 2014 publicae
1203 1938 1253 1998 sta·

147 2013 243 2080 tumd
263 2019 330 2080 iam
352 2019 484 2101 pridem
502 2018 764 2101 conspirassent,
790 2018 953 2082 aliorsum
969 2019 1151 2083 intendere
1167 2041 1250 2103 quan

147 2106 379 2189 loquerentur,
412 2128 474 2170 nec
505 2111 577 2169 tam
608 2107 818 2189 apostolicae
849 2107 923 2171 sedi
946 2109 1189 2172 auctoritatem
1211 2111 1248 2179 de

148 2198 271 2268 terre⁰,
297 2216 399 2277 quam
417 2201 456 2258 ut
473 2196 681 2276 dignitatem
704 2196 833 2277 regiam
851 2196 1030 2271 subruant,
1055 2198 1248 2268 occasionem

147 2305 288 2366 querere
313 2288 347 2346 et
371 2285 564 2347 inveterata
581 2283 743 2346 adversus
759 2304 874 2366 regem
891 2285 971 2348 odia
987 2306 1078 2349 novo
1094 2285 1273 2369 religionis„

148 2372 314 2435 vocabulo
339 2371 492 2454 palliare.
540 2372 628 2434 Eum
652 2375 745 2436 recte
769 2373 891 2436 honori
919 2394 980 2437 suo
1005 2374 1203 2456 prospicere,
1227 2383 1248 2443 si

2 2461 183 2530 marsala
216 2461 331 2524 hostes
362 2481 440 2523 suos
464 2460 629 2542 gladium,
662 2481 763 2542 quem
790 2461 888 2524 iuxta
911 2462 1060 2545 apostoli
1085 2484 1196 2527 vocem
1216 2469 1249 2530 ad

1 2571 96 2615 rao-,a
106 2573 137 2612 n.
148 2550 334 2610 vindictam
368 2550 534 2611 malorum
567 2549 768 2631 acceperit-¹,
801 2551 969 2612 maturius
1001 2551 1196 2632 distringat.
1223 2560 1248 2618 et

148 2639 355 2719 contemptis
402 2638 555 2699 inanium
599 2639 816 2701 occasionum
855 2638 1025 2710 latibulis,
1068 2642 1248 2705 manifestos

148 2727 244 2806 regni
269 2727 486 2788 insidiatores
511 2747 608 2808 pena,
635 2748 735 2808 quam
758 2733 962 2796 mereantur,
988 2723 1156 2791 afficiatf.
1192 2730 1272 2796 Nera

147 2815 290 2877 difficile
315 2816 381 2875 fnit
408 2816 583 2893 ingenium
608 2816 698 2895 regis
723 2837 841 2897 perse
867 2822 963 2878 atrox
989 2822 1023 2879 et
1048 2818 1247 2899 implacabile

146 2904 180 2963 in
206 2905 289 2964 iram
316 2904 475 2966 excitare.

253 2992 332 3053 ‘sed
359 3014 435 3053 ema
461 2992 594 3054 videret
619 2992 681 3053 sub
707 2997 876 3074 optentus
894 2994 1072 3076 religionis
1098 2996 1313 3078 principesma⁸

146 3103 164 3140 a
190 3103 224 3142 se
250 3080 415 3161 paulatim
442 3081 587 3142 delicere
612 3087 645 3142 et
672 3081 839 3143 destituto
871 3083 937 3144 iam
963 3083 1101 3145 auxiliis
1126 3084 1249 3166 imperio

146 3189 266 3229 vanam
294 3191 365 3230 esse
391 3169 702 3243 comminationem,
728 3191 814 3250 (prae
832 3171 898 3232 rim
924 3172 1038 3235 facere
1064 3193 1134 3234 non
1154 3180 1275 3255 possets

146 3258 269 3336 quibus
295 3257 569 3325 ‹·‹mnninar·etm·,
595 3262 749 3319 ratus-
771 3259 804 3319 id
830 3260 922 3340 quod
946 3264 1083 3342 tempus
1108 3261 1252 3341 exigebat

144 3378 187 3385 —
206 3338 372 3407 utilitati¹¹
395 3346 502 3426 magis
519 3368 620 3427 quam
642 3348 839 3410 iracundiae
857 3348 1116 3423 consulendum,
1143 3350 1253 3428 iterum

145 3438 248 3512 atquc
280 3435 404 3496 iterum
436 3429 587 3497 mersosi
621 3436 813 3517 principum
846 3437 978 3499 animos
1010 3437 1148 3500 blandis
1180 3438 1255 3519 lega·

145 3521 297 3581 tionibus
335 3523 491 3601 mitigare
528 3525 732 3605 temptabat.
780 3525 852 3587 Nec
884 3529 1014 3599 tamen,
1047 3527 1139 3607 quod
1173 3528 1257 3589 dictu

146 3610 269 3668 mirum
301 3610 354 3679 sit,
386 3617 483 3672 tanta
517 3612 579 3673 hac
611 3634 723 3674 rerum
756 3614 952 3694 asperitate,
985 3619 1084 3676 tanta
1109 3616 1284 3695 ingruens

145 3697 231 3756 tium
259 3698 486 3777 periculorum
514 3700 602 3762 mole
627 3702 738 3763 evinci
765 3706 909 3783 poterut.
943 3706 991 3778 ut,
1018 3704 1109 3766 uude
1135 3704 1258 3785 potissi·

144 3805 236 3845 mum
264 3786 346 3847 haec
372 3787 504 3849 flanmm
532 3789 680 3851 invidiae
705 3795 738 3852 et
759 3790 830 3852 odii
850 3785 1051 3853 adversumk
1072 3813 1149 3855 cum
1177 3813 1259 3855 exar-

144 3877 248 3939 serat,
292 3874 461 3957 principes
498 3877 664 3940 Saxoniae
704 3879 880 3941 deditione
916 3880 1120 3944 absolveret.
1176 3880 1258 3958 Quin

143 3955 263 4022 immo¹
290 3965 497 4026 conterritus
522 3967 651 4028 recenti
668 3967 824 4048 exemplo
849 3989 976 4039 eorum,
1002 3970 1059 4052 qui
1085 3968 1259 4052 plerosque

143 4073 183 4111 ex
208 4051 290 4132 ipsis
321 4074 355 4113 se
388 4053 583 4115 inconsulto
609 4055 808 4118 dimiserant
821 4057 840 4122 '·',
873 4058 1028 4133 residuia
1061 4059 1120 4140 qui
1152 4058 1288 4120 adhuco

142 4211 163 4239 a}
178 4206 390 4244 ononaenlaronro·
407 4209 424 4244 ll
434 4207 465 4245 1¹³.
536 4211 557 4250 lo
571 4212 601 4245 o'e
618 4211 639 4247 a.
651 4212 665 4248 1,
681 4223 758 4248 omma
825 4222 845 4247 cr
860 4223 900 4247 nec,
916 4224 965 4249 can.
982 4223 1022 4248 ona.
1040 4214 1057 4249 A
1068 4213 1127 4249 1.1¹.
1184 4211 1207 4255 dl
1222 4224 1260 4250 ΟΜ-

142 4256 302 4305 Ill⁸3stutum
319 4261 412 4307 reipubl.
428 4264 515 4299 aare.
559 4270 579 4305 cl
595 4265 676 4301 deferri
691 4277 747 4302 corr.
764 4265 852 4301 deterre
869 4266 913 4301 11¹2.
964 4264 1139 4307 seruentur.
1183 4267 1259 4314 globi.

143 4311 251 4348 ΛΜΗ,
309 4313 330 4357 ll)
347 4314 447 4352 utilitatis
464 4316 521 4353 111³.
578 4316 776 4356 irrideor-olla.
829 4317 1041 4359 kladersmuBlfl.
1084 4317 1259 4367 bynnnolslb.

143 4417 169 4529 lt)
188 4417 316 4540 (stabbla
336 4435 394 4523 spa.
417 4419 535 4477 Bruma,
556 4422 637 4485 Joffr',
659 4423 727 4477 Bibl.
747 4425 774 4484 Γ,
793 4427 896 4488 p,13:}.
952 4426 979 4489 2)
998 4425 1041 4487 Cf.
1060 4442 1145 4491 seelera
1163 4443 1190 4493 p.
1204 4429 1259 4481 258.

141 4500 153 4533 e
182 4492 282 4551 lazi,
305 4501 367 4542 rat..
1269 4510 1290 4547 aa
