2842 5026
291 438 494 495 LAMPER'I'I
512 437 734 493 INSTITUTIO
752 437 1048 494 HERVELDENSIS
1066 438 1170 495 noch.
1242 443 1294 495 347

171 624 268 688 beati
288 622 463 705 Wigberti
487 642 527 686 eo
550 622 766 686 transferret.
805 622 842 685 Is
866 623 980 687 accitu
1004 622 1098 687 beati
1122 622 1295 685 Bonifaeii
1310 644 1417 683 nram

171 713 215 777 de
247 712 447 775 Brittannia
476 711 627 786 veniens,
659 711 696 772 in
727 709 850 774 Galliis
880 712 988 774 vitam
1019 732 1151 775 morum
1184 710 1296 793 gloria

170 801 427 866 ornatissimam
450 803 621 882 exegerat,
647 799 855 882 tandemque
879 798 975 864 felici
998 800 1035 863 in
1060 799 1198 863 Christo
1222 799 1295 862 dor-

171 890 317 954 mitione
347 889 480 971 sopitus
510 888 548 949 in
577 888 705 971 oppido
729 888 895 953 Friteslar
921 888 1136 971 sepulturam
1160 908 1296 971 accepe-

147 982 238 1041 nrat.
279 977 353 1060 Ego
377 978 464 1040 haut
487 979 617 1040 temere
641 997 704 1041 nec
728 977 801 1041 sine
818 976 886 1041 Dei
908 980 998 1039 nutu
1022 980 1158 1059 gestum
1182 976 1404 1054 credo,a.0.u.

170 1070 213 1130 nt
238 1067 350 1129 sancti
373 1065 547 1149 pontificis
571 1069 606 1129 et
630 1069 862 1143 sanctorum⁸,
887 1058 947 1128 utb
975 1087 1052 1129 mea
1074 1066 1144 1129 fert
1168 1064 1295 1148 opinio,

170 1155 342 1218 fratrnm⁰
379 1154 486 1217 animi
516 1157 588 1217 tam
619 1154 810 1218 difficulter
840 1154 1082 1219 coalescerent.
1137 1153 1174 1217 Si
1205 1153 1297 1218 enim

172 1243 445 1309 benivolentiam
475 1243 626 1326 episcopi
657 1244 742 1306 haec
772 1262 886 1307 rerum
918 1243 1070 1326 procella
1104 1263 1174 1305 non
1204 1262 1296 1306 exce·

171 1332 292 1416 pisset,
324 1332 486 1394 nimirum
516 1331 553 1392 in
583 1330 697 1395 alieno
726 1331 956 1395 fundamento
986 1331 1131 1394 nimium
1155 1351 1296 1414 occupa·

136 1425 232 1484 rctns
262 1420 418 1503 privatae
448 1420 579 1503 gloriae
612 1420 766 1483 studium
801 1420 985 1496 omisisset,
1021 1425 1126 1502 atque
1156 1419 1297 1483 Hervel-

172 1510 281 1574 dense
310 1528 446 1584 nomen,
478 1511 553 1572 toto
583 1529 676 1571 nunc
706 1508 788 1572 orbe
816 1509 1053 1580 clarissimum,
1085 1502 1234 1572 abisset‘1
1259 1508 1297 1570 in

173 1619 332 1675 vacuum,
363 1617 427 1661 nec
458 1600 558 1660 tanta
588 1597 688 1680 copia
718 1597 1011 1661 sanctissimorum
1043 1597 1221 1661 hominum
1256 1616 1297 1660 eo

173 1687 243 1751 loci
274 1686 550 1750 conversantium
581 1685 733 1749 auxisset
762 1706 943 1750 numerum
971 1684 1173 1750 caelestium
1203 1684 1297 1767 spiri·

173 1779 287 1839 tuum.

142 1885 166 1924 rs
284 1863 399 1946 Igitur
426 1883 504 1926 cum
536 1862 659 1926 beatus
682 1861 805 1925 Lullus
835 1862 1082 1927 monasterium
1112 1861 1201 1925 illud
1228 1862 1404 1945 opi-anne.

175 1952 251 2029 bus,
272 1951 425 2028 edificiis,
446 1951 589 2015 familiis
605 1971 741 2033 quoque
757 1951 891 2014 affatim
908 1954 1107 2016 exornasset
1123 1954 1298 2015 cunctum-

175 2061 243 2124 que
274 2041 396 2103 domus
427 2039 569 2103 Domini
604 2040 761 2104 decorem
792 2040 837 2103 ad
871 2044 1043 2123 unguem⁰
1076 2040 1296 2116 elaborasset,

175 2128 439 2193 multitudinem
463 2148 598 2211 quoque
626 2129 789 2205 fratrum,
821 2127 1035 2193 Ovidelicet
1060 2129 1101 2206 L,
1133 2133 1405 2211 tempera-aea.

175 2218 319 2281 tissimis
352 2217 525 2280 institutis
563 2218 797 2294 instruxisset,
837 2217 1005 2281 Karolum
1044 2218 1297 2300 imperatorem,

143 2307 233 2371 neni
256 2327 296 2370 ex
311 2305 442 2370 virtute
465 2327 592 2371 nomen
615 2307 760 2370 accessit
771 2305 791 2382 ¹,
817 2308 857 2369 nt
872 2306 1023 2370 Karalus
1039 2306 1187 2388 Magnus
1212 2306 1298 2370 dice

175 2399 282 2472 retur,
307 2415 348 2459 eo
363 2395 501 2458 vocavit
524 2398 560 2459 et
583 2398 710 2458 cuncta
731 2395 769 2457 in
791 2395 941 2459 tutelam
964 2395 1038 2459 eius
1057 2394 1299 2478 patrocinandi

175 2484 290 2567 gratia
312 2483 469 2560 tradidit,
494 2485 652 2566 hancque
673 2483 896 2548 traditionem
920 2486 957 2547 et
980 2483 1222 2567 patrocinandi
1244 2483 1298 2546 ius

175 2573 312 2637 cunctis
342 2572 504 2655 deinceps
534 2572 572 2635 in
601 2571 725 2636 solium
755 2572 853 2654 regni
884 2572 1150 2636 succedentibus
1183 2576 1299 2635 ratum

175 2681 315 2725 manere
339 2660 474 2724 statuit.

139 2771 167 2813 n
284 2750 381 2814 Haec
420 2750 463 2814 de
503 2748 642 2813 exordio
680 2748 927 2813 Herveldensis
970 2749 1107 2813 cenobii
1150 2749 1298 2813 strictim

176 2838 273 2902 dicta
311 2837 450 2902 libellus
485 2837 528 2901 de
562 2837 636 2900 vita
674 2838 786 2901 sancti
820 2837 915 2901 Lulli
949 2838 1064 2903 editus
1102 2838 1208 2901 latius
1246 2857 1298 2901 ex·

176 2927 299 3010 plicat,
338 2927 368 2989 si
402 2926 479 3008 quis
513 2946 555 2989 ea
588 2925 725 3008 plenius
759 2947 859 2990 nosse
894 2927 1079 2991 desiderat.
1140 2925 1298 3005 Qualiter

175 3035 257 3079 vero
288 3018 366 3098 post
396 3015 481 3078 haec
512 3014 609 3078 locus
631 3014 692 3078 ille
716 3036 777 3098 per
798 3015 1014 3080 incrementa
1035 3020 1230 3098 temporum
1253 3015 1298 3077 ad

176 3104 373 3187 profectum
397 3103 601 3187 pervenerit,
633 3107 695 3166 aut
725 3103 875 3186 qualiter
903 3104 1122 3187 supradictus
1149 3104 1298 3166 fratrum

139 3211 350 3268 conumerus,
383 3191 409 3256 C
433 3191 597 3257 videficet
620 3196 655 3256 et
680 3192 737 3269 L2,
766 3193 904 3275 integro
927 3193 1041 3256 adhuc
1064 3213 1179 3256 rerum
1202 3195 1298 3255 statu

176 3280 382 3343 imminutus
420 3281 480 3356 sit,
526 3281 581 3345 vel
620 3280 738 3404 quales
777 3281 842 3343 viri
880 3281 1018 3345 sibimet
1056 3282 1092 3343 in
1131 3280 1298 3363 regimine

177 3370 245 3433 loci
276 3369 371 3432 illius
394 3370 621 3434 successerint
669 3389 777 3452 usque
801 3369 846 3431 ad
869 3373 1026 3452 tempora
1050 3367 1213 3433 Gozberti
1241 3368 1298 3432 ab·

177 3458 279 3530 batis,
311 3478 432 3541 parum
464 3462 677 3541 compertum
707 3457 885 3522 habemus.
931 3456 1030 3520 Nihil
1060 3457 1153 3522 enim
1177 3457 1219 3521 de
1243 3457 1298 3520 his

178 3546 306 3611 litteris
335 3547 487 3609 inditum
516 3547 729 3630 repperimus
738 3547 759 3622 ³,
791 3546 910 3630 magis,
942 3538 1002 3609 utb
1030 3566 1107 3610 mea
1136 3547 1206 3610 fert
1229 3547 1298 3629 opi·

140 3636 246 3711 nnio,
271 3635 500 3719 scriptorumg
518 3635 652 3698 incuria
667 3655 770 3717 quam
786 3635 1004 3717 ingeniorum
1020 3635 1174 3719 penuria.
1211 3633 1299 3713 Quo-

158 3745 254 3800 ¹rum
278 3728 396 3788 tamen
419 3724 540 3788 seriem
565 3724 622 3786 hic
645 3743 773 3806 ponere
797 3723 958 3787 duximus
982 3724 1135 3807 dignum,
1160 3724 1231 3788 sive
1255 3744 1298 3788 ne

177 3813 318 3895 penitus
339 3815 514 3876 vetustate
545 3832 564 3876 e
591 3812 757 3876 memoria
779 3811 994 3890 aboleantur,
1023 3815 1095 3877 sive
1118 3812 1210 3895 quod
1240 3811 1299 3875 ali·

178 3901 238 3982 qni
272 3922 390 3965 eorum
426 3921 558 3964 summo
588 3901 703 3964 functi
734 3901 931 3965 sacerdocio
962 3905 998 3966 et
1028 3901 1107 3965 usui
1142 3901 1298 3984 profecto

177 4074 200 4117 ι)
214 4072 363 4121 apostolorum
377 4073 429 4111 aad.
444 4084 463 4113 c.
517 4073 541 4122 b)
554 4082 579 4112 se
593 4073 646 4112 add.
661 4084 679 4112 c.
744 4071 766 4122 c)
782 4075 867 4113 natum
880 4084 939 4112 corr.
954 4074 1049 4112 lrsuum
1062 4085 1081 4113 c.
1136 4073 1159 4121 d)
1172 4073 1266 4113 solimet
1279 4084 1298 4113 e.

139 4127 200 4175 40⁰)
213 4127 300 4165 carnal
313 4136 324 4164 s
337 4125 360 4165 Υ.
375 4127 448 4175 ΜΝ,-
462 4127 511 4167 dec.
525 4126 649 4177 adiungere
662 4138 681 4166 c.
735 4127 954 4175 osnccenernntc.
1009 4126 1032 4176 g)
1045 4128 1178 4176 sclrptornm
1192 4137 1210 4165 c.

178 4267 205 4332 1)
224 4267 266 4330 Of.
285 4283 372 4334 supra
391 4285 420 4334 p.
438 4271 499 4333 326,
526 4286 553 4323 n.
571 4271 597 4324 5.
706 4270 733 4334 2)
751 4268 796 4332 Cf.
814 4284 901 4334 supra
922 4285 949 4334 p.
967 4269 1029 4331 332,
1050 4285 1077 4322 n.
1094 4270 1119 4322 2.
1145 4269 1207 4333 344,
1227 4284 1254 4320 n.
1272 4271 1298 4321 2.

177 4338 206 4405 3)
222 4337 283 4406 Ipsa
299 4341 330 4390 in
347 4339 494 4391 annalibus
507 4346 600 4407 pacina
617 4340 747 4392 nonnulla
764 4340 878 4406 quidem,
904 4340 954 4390 atsi
970 4355 1071 4406 pauca,
1097 4338 1128 4390 de
1146 4340 1182 4390 iis
1206 4339 1298 4389 retulit

177 4425 244 4462 uena
262 4410 416 4463 Annalibus
434 4410 679 4476 Her-efaldeneibus.
716 4412 759 4476 Os.
777 4427 864 4477 cupra
878 4428 908 4477 p.
921 4411 983 4476 345,
1003 4410 1020 4463 ἱ,
1033 4411 1050 4464 9
1063 4426 1117 4477 sqq.
