2842 5026
333 431 428 486 VI'l'A
446 431 564 487 LULLI
583 429 763 486 ARCHIEP.
782 428 892 485 AUCT.
912 429 1131 486 LAMPERTO.
1240 436 1291 489 331

170 637 235 701 pro
258 616 439 680 maiestate
467 618 539 678 tam
570 613 714 696 insignis
746 633 910 696 personae
941 634 1010 676 non
1040 614 1124 676 satis
1148 614 1293 678 honesto

171 703 249 768 loco
279 704 440 787 reposita.
486 702 615 766 Tamen
646 706 787 785 propter
817 701 1020 764 miraculum
1045 705 1081 766 et
1104 703 1293 766 novitatem

171 793 364 876 signorum,
393 791 517 874 quibus
542 791 647 855 etiarn
671 791 762 853 circa
792 790 905 853 aridos
934 790 1065 854 cineres
1089 791 1293 854 confessoris

171 881 226 944 sui
250 882 328 944 viva
352 880 418 943 Dei
441 879 555 962 gratia
578 879 772 954 efflorebat,
804 878 997 960 quottidie⁸
1024 899 1150 961 niagno
1174 880 1294 963 populi

149 989 344 1033 econcursu
366 968 688 1050 frequentabantur.
731 966 1019 1050 Archiepiscopus
1042 967 1151 1050 igitur
1174 968 1218 1031 ad
1242 989 1293 1032 ex·

171 1058 370 1140 equendum
400 1057 579 1138 negotium
608 1048 665 1119 seb
694 1055 788 1118 haud
817 1056 900 1118 satis
928 1056 1074 1138 impigre
1098 1056 1292 1120 movebat0.

172 1145 368 1210 Verebatur
401 1144 547 1207 forsitan
584 1142 736 1207 levitatis
771 1143 883 1226 argui,
919 1138 969 1206 sid
1003 1144 1048 1207 ad
1082 1144 1293 1228 implendam

171 1253 246 1298 rem
263 1237 336 1297 tam
357 1233 515 1297 eximiam
539 1236 617 1316 post
633 1232 778 1315 primam
802 1232 920 1294 statim
943 1232 1129 1296 iussionem
1153 1254 1294 1317 preceps

172 1322 297 1386 abiret.
337 1321 464 1385 Verum
495 1321 576 1384 dum
608 1320 803 1384 cunctando
833 1340 873 1383 ac
904 1320 1128 1384 deliberando
1157 1325 1294 1405 tempus

137 1413 318 1487 intererat,
355 1410 511 1492 angelica
541 1409 623 1472 vocd
658 1408 828 1473 secundo⁰
864 1428 904 1471 ac
937 1410 1046 1473 tercio
1077 1410 1223 1474 similem
1258 1411 1295 1472 in

171 1500 315 1562 modum
333 1503 385 1563 est
408 1498 635 1562 commonitus
648 1497 667 1572 ¹,
692 1501 733 1559 ut
756 1497 979 1580 precipitaret
1002 1517 1113 1561 moras
1136 1518 1199 1562 nec
1224 1519 1294 1562 cae-

171 1587 322 1651 lestibus
351 1586 523 1650 mandatis
551 1606 647 1649 suam
672 1586 807 1649 diucius
831 1606 969 1668 operam
993 1586 1191 1669 denegaret.
1239 1586 1296 1649 Ita

172 1676 340 1758 deinceps
363 1674 452 1737 nihil
475 1674 720 1757 ambigendum
738 1678 844 1751 ratus,
869 1678 910 1736 ut
932 1674 1027 1738 facto
1051 1675 1158 1737 maior
1181 1678 1294 1739 aucto-

172 1764 262 1827 ritas
290 1764 425 1839 inesset,
458 1761 629 1839 Carolum,
662 1782 765 1845 penes
789 1783 891 1844 quem
915 1783 954 1826 eo
977 1765 1133 1845 tempore
1163 1764 1217 1826 ius
1247 1784 1294 1827 re·

136 1853 272 1936 agium
297 1855 380 1925 erat,
411 1871 513 1934 super
544 1850 608 1914 hoc
640 1844 848 1914 consuluits.
897 1849 983 1914 Cum
1013 1850 1073 1915 ille
1104 1850 1216 1915 libens
1240 1871 1295 1914 an·

174 1942 322 2016 nuisset,
359 1939 524 2003 adhibitis
555 1939 647 2002 sibiss
679 1941 751 2001 tarn
783 1939 951 2002 clericalis
981 1959 1084 2021 quam
1114 1940 1295 2003 monastici

174 2029 307 2094 ordinis
327 2029 409 2091 viris
432 2028 625 2091 illustribus
635 2029 655 2102 ²,
682 2027 795 2091 locum
818 2027 915 2090 adiit.
956 2027 1060 2092 Sacra
1080 2047 1157 2091 ossa
1172 2029 1295 2092 exinde

174 2117 316 2180 sublata
339 2137 417 2180 cum
449 2137 575 2199 magna
604 2115 850 2179 aecclesiastici
877 2120 1063 2199 apparatus
1093 2116 1294 2188 ambicione,

175 2206 268 2269 sicut
291 2205 402 2267 iussus
425 2205 550 2274 fuerat,
574 2205 608 2266 in
634 2205 880 2268 monasterium
896 2204 1131 2269 Herveldense
1147 2207 1296 2268 transtu·

138 2293 253 2356 alite
300 2292 459 2371 Quantus
490 2292 608 2368 honor,
640 2285 838 2375 profectush
870 2296 906 2356 et
935 2293 1129 2357 reverentia
1159 2314 1199 2357 ex
1231 2293 1296 2357 hoc

176 2381 255 2446 loco
279 2381 332 2444 illi
355 2382 557 2456 accreverit,
589 2381 722 2444 cunctis
746 2381 795 2445 ibi
819 2381 1026 2463 degentibus
1050 2380 1220 2464 hodieque
1244 2385 1297 2445 est

175 2471 213 2534 in
239 2469 431 2554 propatulo.

289 2564 339 2622 18.
383 2558 465 2621 Post
500 2558 584 2621 haec
616 2557 738 2621 beatus
768 2557 901 2631 Lullus,
937 2578 1015 2621 cum
1051 2559 1297 2622 monasterium

176 2639 284 2710 illud¹
316 2647 438 2730 opibus
461 2645 595 2709 affatim
624 2649 830 2721 exornasset,
863 2645 1007 2709 edificiis
1036 2647 1219 2729 insigniter
1246 2668 1298 2711 ex·

140 2736 351 2812 recoluisset,
381 2739 544 2798 cunctum
569 2734 689 2797 domus
714 2733 854 2797 Domini
883 2734 1041 2798 decorem
1071 2737 1116 2799 ad
1146 2756 1298 2818 unguem

177 2823 398 2897 elaborasset,
430 2823 689 2886 multitudinem
720 2842 855 2904 quoque
883 2823 1032 2885 fratrum
1055 2824 1298 2906 temperatissi-

176 2907 265 2975 misk
284 2912 455 2975 institutis
478 2912 705 2986 instruxisset,
730 2911 868 2974 induxit
890 2912 946 2973 1ηὓ
968 2911 1118 2974 animum
1140 2912 1298 2974 utilitati·

178 3001 244 3065 bus
273 3021 388 3064 rernm
416 3000 520 3064 etiam
551 3000 587 3062 in
611 3002 786 3082 posterum
811 2999 999 3063 consulere.
1047 2999 1222 3083 Siquidem
1247 3020 1298 3063 ex·

178 3090 372 3174 perimento
409 3088 578 3152 didicerat
614 3087 731 3151 divina
760 3088 852 3151 inter
882 3089 1038 3152 homines
1070 3109 1191 3171 parum
1221 3091 1300 3151 tuta

146 3198 263 3247 coesse,
287 3177 458 3241 seculares
481 3170 603 3240 alieni¹
634 3197 768 3259 semper
791 3180 1004 3260 appetentes,
1030 3178 1111 3239 dum
1136 3177 1202 3240 sibi
1225 3197 1298 3240 cen-

179 3286 255 3329 sum
279 3268 438 3349 augeant,
468 3264 557 3327 nihil
581 3265 678 3348 pensi
702 3265 838 3339 habere,
864 3286 965 3347 quam
990 3265 1160 3327 minimo¹¹¹
1185 3264 1300 3328 discri-

180 3355 272 3417 mine
297 3354 413 3416 divina
437 3357 491 3417 et⁰
520 3354 671 3416 humana
694 3354 957 3436 permisceantn.

179 3546 201 3589 ι)
216 3550 288 3590 quon.
301 3534 350 3590 (litt.
356 3547 407 3591 poce
417 3553 474 3584 corr.
484 3548 544 3589 cett,
560 3547 578 3580 α
589 3554 655 3579 manu
664 3555 681 3583 a.
693 3543 716 3581 X
719 3543 739 3583 Υ,
749 3553 855 3591 euperscr.
865 3540 976 3591 quctldle)
990 3541 1034 3583 em.
1048 3553 1106 3584 corr.
1115 3543 1184 3590 siquis
1194 3553 1301 3591 superarer.

179 3597 224 3636 effi.
235 3603 314 3644 quota,
325 3597 362 3633 scd
370 3597 433 3643 εἰῃκα
443 3607 508 3634 eraso
518 3600 536 3634 ct
546 3607 613 3633 manu
622 3606 639 3636 a.
650 3595 697 3637 XV.
706 3596 824 3644 superium
839 3596 883 3638 effi.
893 3601 947 3637 cort.
957 3599 988 3634 1¹·
995 3593 1014 3636 b.
1024 3596 1056 3633 2¹·
1063 3595 1082 3637 b.
1124 3597 1146 3642 b)
1159 3607 1265 3644 cuper-m.
1277 3598 1300 3644 l;

145 3648 503 3697 maea211tsmue(aa.)s·.
556 3652 577 3696 c)
591 3649 724 3688 mouebatur
738 3651 768 3690 2¹.
823 3647 847 3696 d)
861 3647 901 3688 sed
916 3650 946 3690 2¹.
995 3651 1016 3695 e)
1030 3648 1113 3690 om.
1168 3648 1302 3697 occnsulnt

180 3714 238 3743 corr.
253 3702 366 3741 comulult
380 3704 398 3744 1.
452 3703 731 3751 g)uupmcr.1;om.2·.
781 3701 805 3749 h)
818 3707 939 3751 prouectus
953 3701 984 3742 2¹.
1041 3703 1058 3750 i)
1073 3704 1155 3744 om.l¹.
1209 3701 1233 3747 li)
1247 3708 1302 3741 tem·

180 3756 299 3805 perantiae.
313 3756 345 3797 2¹.
406 3751 1017 3804 l)allcnlcorr.alleu21,etca1¹·b;alienisvb.
1073 3755 1103 3804 m)
1117 3755 1243 3794 mlnlruodls
1259 3757 1301 3794 crl·

180 3809 243 3848 mine
255 3809 335 3857 scripto
350 3811 381 3856 1¹,
400 3808 471 3846 archo
481 3812 532 3856 post
546 3808 604 3855 salec
617 3819 673 3850 corr.
688 3808 774 3856 magula
789 3809 859 3847 modls
874 3815 897 3848 at
912 3820 955 3856 qno
970 3809 1032 3849 crlm.
1094 3812 1117 3856 n)
1131 3809 1165 3846 hir
1178 3809 1255 3847 'tamnu
1270 3808 1302 3851 2¹³.

183 3968 210 4036 1)
231 3968 312 4018 Nihil
327 3968 358 4019 dc
377 3967 421 4019 bia
438 3966 682 4018 wnrrncnitionibua
704 3969 732 4017 in
752 3967 827 4032 Lupi
845 3967 906 4018 Vita
925 3967 1054 4032 Wipbcrti
1071 3967 1174 4032 Icpilur.
1213 3967 1301 4029 Quare

145 4048 172 4085 co
181 4041 296 4091 conicere
310 4040 400 4105 poscis
412 4037 586 4103 Lampmum
599 4038 689 4102 Ieyiaoc
703 4039 791 4089 Vitam
806 4038 934 4102 Wiyberti
946 4040 1089 4101 metricam,
1108 4053 1175 4103 quoe
1188 4038 1302 4102 per-ittae

181 4111 293 4174 ridaur,
313 4110 345 4160 de
361 4125 415 4175 qua
433 4110 467 4173 cf.
485 4109 661 4171 lVattmhacb,
681 4108 724 4163 ‘D.
740 4109 806 4173 GQ!
824 4109 863 4161 cd.
877 4110 902 4163 6.
922 4109 945 4171 I,
961 4126 990 4174 ρ.
1003 4111 1065 4162 241.
1138 4107 1166 4173 2)
1186 4107 1301 4158 Alhuinc

180 4183 300 4246 episcopo
317 4187 341 4232 ct
359 4180 447 4231 tabia
465 4179 601 4230 monacha
619 4179 861 4242 Herefcldensibus,
880 4195 945 4244 quos
962 4179 1058 4244 Lupus
1075 4193 1096 4232 c.
1109 4180 1152 4232 24.
1171 4181 1300 4231 nominat.

181 4253 209 4311 3]
228 4251 316 4302 Errat
328 4256 429 4312 auam,
448 4266 507 4300 cum
520 4250 589 4300 banc
601 4250 803 4301 truncationem
815 4256 877 4301 ante
888 4265 932 4300 reo
950 4267 977 4303 a.
991 4251 1052 4304 775.
1071 4249 1151 4311 infru
1169 4255 1302 4299 narratae

183 4328 268 4372 actum
290 4339 342 4373 ease
356 4322 501 4387 putaverit,
527 4335 585 4371 cum
609 4321 752 4371 amandum
770 4321 879 4387 Lupum
904 4336 924 4374 c.
943 4323 986 4374 24.
1012 4320 1114 4386 aliquot
1139 4321 1220 4371 annis
1240 4326 1302 4386 post

144 4410 208 4448 raa.
223 4396 283 4455 774,
301 4408 353 4459 quo
371 4393 491 4444 Saxones
508 4390 657 4456 Burobury
676 4399 877 4459 oppupnarunt,
896 4392 970 4454 facta
988 4392 1031 4444 cit.
