2842 5026
315 453 411 508 VITA
430 454 548 510 LULLI
565 454 744 510 ARCHIEP.
763 454 873 510 Auca.
892 454 1110 513 afflasse.
1223 462 1273 514 321

146 637 273 718 equias
296 635 497 701 solemniter
520 638 773 716 exhibuissent3
799 639 985 721 plurimum
1002 642 1119 703 tamen
1142 640 1274 703 meritis
1285 649 1344 702 755.

147 743 272 788 eorum
296 726 389 808 apud
413 729 570 789 sanctum
595 726 814 790 Bonifacinm
838 747 1045 802 accrescere,
1074 727 1103 789 si
1127 733 1271 810 corpus²

149 812 228 876 eius
258 834 346 895 equo
376 815 491 878 animo
522 818 723 897 paterentur
757 815 793 877 in
824 815 1070 879 monasterium
1101 815 1274 879 Fuldense

150 900 292 977 deferri,
317 903 409 983 quod
426 903 606 984 negocium
630 902 690 967 ille
714 903 780 966 sibi
799 903 862 966 sub
879 904 1107 967 attestacione
1126 905 1274 966 nominis

151 1098 233 1140 nam
258 1077 409 1142 feliciter
431 1081 568 1162 gestum
592 1100 674 1154 esse,
699 1080 823 1162 quibus
847 1099 934 1162 pene
957 1082 1033 1143 tota
1053 1084 1166 1143 castra
1189 1080 1274 1143 mili·

150 1166 226 1230 ciae
251 1166 318 1230 Dei
340 1167 377 1229 in
402 1167 543 1249 predam
567 1169 757 1231 cessissent.
800 1167 966 1231 Sanctum
990 1168 1219 1243 Boniiacium,
1245 1169 1274 1231 si

150 1257 275 1317 contra
298 1255 475 1318 decretum
506 1256 612 1318 animi
636 1257 709 1319 eius
736 1259 855 1320 tenere
878 1249 1029 1320 vellentb
1058 1277 1150 1332 eum,
1183 1258 1268 1320 hoce

150 1362 221 1405 non
258 1343 293 1404 in
328 1344 476 1426 gratiam
505 1344 648 1420 referre,
685 1345 744 1408 sed
774 1345 812 1406 in
842 1344 1102 1420 contumeliam,
1138 1345 1273 1426 gravari

125 1431 263 1513 umagis
293 1430 447 1495 violenta
476 1432 662 1495 devocione
697 1454 799 1514 quam
832 1432 1010 1496 oblectari.
1064 1432 1130 1495 His
1160 1432 1273 1496 verbis

149 1519 308 1583 cecidere
344 1519 560 1603 popularium
596 1520 712 1583 animi.
759 1521 818 1583 Ira
851 1521 888 1582 in
922 1521 1075 1584 favorem
1110 1522 1163 1584 est
1197 1541 1273 1584 con-

149 1627 260 1670 versa.
308 1607 365 1671 Ita
395 1609 529 1672 cunctis
559 1609 794 1672 annuentibus
824 1612 860 1673 et
890 1608 1035 1690 singulis
1065 1629 1126 1691 pro
1157 1604 1269 1671 virilitl

148 1698 252 1778 parte
275 1696 429 1759 officium
452 1697 585 1760 funeris
609 1697 863 1772 adiuvantibus,
896 1697 1078 1779 magnifico
1102 1700 1272 1779 apparatu

149 1782 329 1869 celebrata
351 1788 404 1848 est
427 1785 514 1848 sacri
538 1785 689 1868 corporis
711 1784 895 1848 translatio
906 1785 926 1847 ¹.
969 1785 1042 1848 Nec
1066 1788 1183 1848 tamen
1206 1785 1272 1848 hoc

125 1872 255 1936 amodo
290 1873 400 1936 omnis
433 1873 536 1937 rebus
569 1873 759 1936 difficultas
795 1873 990 1956 adempta⁶,
1027 1876 1103 1936 tota
1137 1873 1272 1955 negocii

149 1961 320 2043 asperitas
343 1961 564 2043 complanata
587 1965 640 2025 est
650 1963 671 2024 ².
711 1962 799 2024 Nam
823 1961 885 2024 ubi
900 1964 1042 2025 ventum
1063 1964 1116 2024 est
1132 1960 1272 2043 Mogon-

147 2047 247 2123 tiam,
272 2052 348 2110 tum
370 2069 451 2113 vero
474 2053 570 2112 totus
594 2071 671 2113 cum
696 2049 823 2133 populo
848 2050 959 2113 clerus
982 2049 1118 2112 obviam
1142 2049 1272 2113 effusus

148 2135 226 2198 iure
257 2137 413 2219 gentium
444 2137 570 2221 agebat
600 2138 692 2221 apud
721 2139 932 2221 episcopum,
964 2130 1086 2200 sirumr
1112 2137 1272 2219 inquiens

149 2223 269 2288 huncss
298 2226 404 2289 fuisse
440 2227 652 2308 pontificem,
689 2226 754 2289 sibi
789 2226 1006 2309 potissimum
1040 2225 1272 2289 hereditatem

125 2312 310 2377 ndeiuncti
340 2315 448 2397 patris
482 2317 554 2376 tam
584 2315 658 2378 iure
689 2314 776 2378 caeli
806 2334 909 2396 quam
939 2314 1013 2376 iure
1043 2313 1112 2376 fori
1142 2313 1270 2390 deberi,

149 2420 214 2465 nec
238 2402 317 2483 equi
347 2422 410 2466 nec
435 2402 515 2465 boni
546 2395 752 2466 memoremh
779 2423 857 2466 eum
882 2421 970 2487 esse,
1003 2401 1031 2464 si
1055 2405 1177 2465 contra
1199 2422 1271 2466 sen-

149 2488 247 2565 tiret,
280 2491 460 2572 presertim
484 2511 561 2554 cum
593 2492 637 2554 ad
660 2511 739 2554 eum
769 2492 892 2573 utpote
920 2489 1114 2554 antistitem
1145 2490 1271 2573 specia-

149 2576 231 2640 liter
255 2582 291 2641 et
318 2572 445 2661 gloriai
477 2583 513 2642 et
536 2573 736 2642 calamitask
763 2578 1056 2662 Mogontiacensis
1083 2578 1269 2642 aecclesiae

149 2669 333 2748 spectaret.
371 2667 427 2730 Ad
443 2666 615 2743 ultimum,
641 2668 669 2730 si
693 2687 762 2730 non
785 2667 822 2729 in
838 2668 928 2730 hanc
949 2666 1158 2730 sententiam
1178 2666 1270 2729 ultro

125 2754 364 2831 aconcederet,
396 2754 499 2819 malle
530 2775 565 2820 se
588 2755 719 2819 viribus
748 2755 802 2818 uti
833 2759 868 2818 et
898 2758 1052 2819 extrema
1079 2755 1195 2818 omnia
1218 2775 1270 2818 ex·

149 2842 269 2924 periri,
305 2863 406 2925 quam
442 2846 542 2906 tanto
571 2843 662 2907 bono
694 2837 976 2907 fraudarentur¹.
1022 2842 1133 2905 Tum⁸
1162 2843 1269 2906 archi-

148 2930 330 3013 episcopus
353 2931 413 2993 diu
441 2932 658 3014 multumque
687 2934 832 2995 conatus
861 2930 1135 2994 tumultuantem
1165 2952 1269 3014 popu·

148 3017 220 3080 lum
244 3019 282 3081 in
305 3020 453 3102 gratiam
476 3020 650 3096 reducere,
674 3020 737 3083 ubi
759 3024 863 3084 remm
885 3019 975 3082 vidit
998 3019 1132 3081 tardius
1155 3038 1269 3101 proce·

148 3106 239 3183 dere,
265 3109 429 3171 confusus
452 3108 646 3190 animiquen
666 3109 829 3185 incertus,
853 3108 937 3190 quid
961 3106 1096 3171 consilii
1119 3109 1268 3189 caperet,

125 3294 168 3345 aa)
181 3305 242 3344 equo
256 3305 292 3339 an.
306 3306 325 3338 s.
337 3297 384 3335 slus
397 3297 430 3340 2⁸.
497 3297 519 3343 b)
534 3298 581 3336 elus
595 3308 632 3340 nn.
645 3301 748 3337 tenerent
761 3299 793 3340 8¹.
860 3299 880 3343 c)
894 3307 940 3336 non
954 3295 995 3334 hoc
1008 3293 1043 3344 ab,
1058 3295 1096 3333 ua
1109 3295 1150 3335 hoc
1163 3306 1271 3345 cupam.

147 3347 169 3396 d)
190 3354 256 3396 parte
277 3349 339 3388 virili
359 3360 415 3392 corr.
436 3360 456 3392 v.
476 3361 497 3399 p.
518 3351 597 3388 smera
614 3350 662 3392 ab
683 3352 842 3400 supormspta,
863 3350 900 3388 ssa
920 3350 990 3388 erasis
1011 3352 1034 3399 15
1057 3359 1078 3390 v.
1098 3360 1119 3397 p.
1135 3348 1191 3391 1⁸·b.
1209 3349 1270 3392 Μ).

146 3403 166 3447 ε)
179 3399 265 3450 adepta
279 3403 311 3444 2¹.
379 3402 453 3453 nans.
467 3402 525 3445 1¹·b.
588 3401 612 3453 g)
626 3403 641 3445 ἰ.
655 3403 678 3445 h.
691 3401 725 3445 ib.
787 3402 810 3453 h)
824 3413 875 3442 snm
889 3412 953 3443 mern.
967 3402 999 3443 2⁸.
1058 3401 1075 3449 i)
1089 3402 1112 3439 ln
1126 3402 1170 3440 loca
1184 3412 1236 3440 rasa
1251 3403 1270 3445 1.

145 3453 169 3501 1)
184 3455 278 3494 caruitne
292 3466 350 3496 corr.
364 3457 478 3495 camisas
493 3458 511 3498 1.
525 3477 552 3486 -
566 3457 723 3504 mogontiensis
737 3454 770 3498 2¹².
819 3456 835 3505 l)
849 3453 906 3497 rna
921 3456 942 3498 Ιι.
953 3455 968 3497 1.
981 3459 1000 3492 a
1014 3455 1078 3493 eamd
1091 3455 1153 3501 infra
1168 3457 1187 3504 1,
1202 3466 1269 3493 mmm

145 3506 556 3556 unumunurn-amaa
571 3508 696 3551 1¹·b.2¹·¹’.
738 3507 907 3556 munemne.
950 3506 1267 3557 n)lncsrtuuqueanlml

125 3557 206 3607 pgr-b,
222 3565 245 3597 us
260 3561 337 3610 Lamp.
351 3561 374 3599 in
387 3563 508 3610 wanplart
521 3563 533 3600 2
548 3563 668 3601 car-rame
680 3563 770 3604 naaur.

145 3705 172 3768 1)
191 3698 266 3753 Haec
284 3704 382 3766 annia,
409 3719 477 3768 quac
497 3703 614 3755 Traiecti
637 3709 698 3754 natu
721 3718 775 3754 esse
798 3709 908 3766 narrat,
933 3701 1029 3770 Lamp.
1048 3707 1269 3765 annuamus,

143 3777 174 3823 ut
197 3772 276 3824 Laus·
298 3773 416 3838 alatam
440 3781 556 3839 supera.
598 3774 696 3827 Willis.
722 3779 745 3824 a
765 3773 860 3826 aaut
885 3773 1004 3825 aoribm
1029 3788 1160 3839 campana
1182 3772 1269 3824 ειιὸίιο

142 3850 264 3908 sonants,
285 3843 362 3909 Es'ps‘l
378 3845 408 3895 s'n
426 3844 487 3895 Van
499 3843 606 3895 Sturms'
621 3861 642 3898 s.
657 3847 699 3909 15,
719 3844 768 3898 SS.
782 3844 822 3907 ΙΙ,
837 3861 869 3911 p.
881 3847 943 3908 372,
961 3843 1017 3894 alio
1036 3843 1167 3894 nstraculo
1182 3857 1269 3911 popu·

145 3913 204 3964 lans
220 3914 412 3967 Tras'actensam
430 3922 584 3967 commotam
602 3931 663 3980 esse,
681 3920 712 3965 ut
730 3931 838 3967 suanm
849 3915 990 3981 deportari
1006 3930 1104 3981 capus
1114 3914 1267 3966 concedera.

125 3987 173 4050 12)
192 3984 334 4051 samua
352 3986 435 4037 huius
452 3988 549 4051 capitis
567 3993 590 4037 a
607 4002 665 4051 cap.
680 3988 722 4040 12.
741 4001 775 4037 aa·
788 3984 909 4047 mnam,
927 3987 977 4051 qus·
992 4000 1021 4036 so
1040 3985 1094 4036 loco
1107 3986 1268 4050 mannam

144 4054 300 4107 Passionem
318 4055 346 4108 S.
366 4055 461 4118 Bonis.
479 4059 556 4110 a.12.
578 4062 679 4108 sardus
698 4063 744 4122 aa,
769 4063 793 4107 st
817 4056 878 4106 Vita
895 4055 1003 4106 Sturmi
1019 4071 1039 4108 c.
1055 4058 1096 4110 15.
1116 4055 1267 4119 composuit,

144 4140 195 4178 suo
211 4141 285 4178 mors
303 4126 377 4177 ηιοάο
395 4127 574 4193 amplificans,
593 4128 670 4178 niodo
688 4133 798 4177 manns
815 4141 882 4191 quas
900 4126 1005 4190 lapara.
1095 4126 1123 4190 3)
1143 4122 1214 4175 Tum
1232 4152 1266 4162 -

144 4194 261 4262 pntsbat
278 4203 372 4248 aanor
388 4199 509 4264 empsit,
534 4199 599 4264 quia
618 4196 714 4249 Ostha
732 4196 825 4262 (Jaffa
845 4213 873 4263 p.
890 4197 957 4260 504)
974 4195 1075 4258 refert:
1100 4191 1134 4245 In
1159 4197 1267 4245 tantum

145 4270 237 4319 sutem
265 4266 436 4334 quorundam
463 4266 532 4319 illud
560 4266 756 4319 affirmantium
783 4264 935 4334 praevaluit
961 4269 1112 4330 certamen,
1140 4268 1171 4315 ut
1196 4278 1267 4331 pene

125 4351 241 4389 aeorum
264 4337 376 4390 manlio
402 4341 510 4390 sanctus
536 4335 632 4390 Lullus
657 4336 837 4403 consentiret;
864 4335 942 4401 Eipu'l
964 4351 1025 4388 acro
1049 4335 1134 4387 tradit
1156 4334 1267 4386 Lullum

143 4408 285 4476 proiciam
302 4409 422 4473 minace,
441 4412 584 4476 quominus
601 4424 697 4474 corpus
715 4408 834 4459 Fauiam
852 4406 1059 4471 transferretur.

1018 4514 1053 4566 21
