2842 5026
440 388 640 443 LAMPERTI
657 388 847 445 ANNALES.
884 389 1017 447 A.1075.
1240 395 1292 445 ‘237

167 572 395 648 concitasset;
421 572 519 635 cuius
542 573 742 637 iracundiae
765 573 802 635 in
825 573 983 637 secundis
1007 573 1109 637 rebus
1132 594 1200 637 non
1225 571 1381 656 pie-1075·

167 663 235 731 fas,
262 682 332 724 non
355 662 539 737 miseratio
563 682 632 724 non
652 661 728 737 Dei,
753 683 822 724 non
842 662 1018 724 hominum
1039 666 1215 744 respectus
1234 640 1391 724 un·⁰⁰‘'²³’

168 768 275 831 qnam
296 751 435 813 modum
459 750 639 827 fecissent;
669 751 798 813 satius⁸
817 750 883 814 sibi
906 751 990 816 fore.
1015 754 1056 812 ut
1077 772 1164 832 equo
1189 755 1293 814 certa·

168 839 265 903 mine
282 839 455 922 congressi
474 859 568 903 more
583 840 734 902 virorum
758 840 901 902 fortium
921 839 1113 902 moriantur
1134 840 1170 901 in
1191 840 1291 914 bello,

148 945 276 1010 squam
300 929 400 990 utin
424 928 536 992 exiliis
560 931 595 992 et
618 928 812 992 carceribus
834 929 905 991 ritu
928 922 1120 1011 pecuduml
1144 929 1293 1011 iugulati

170 1017 359 1080 ridiculum
384 1017 542 1080 hostibus
565 1017 636 1079 suis
659 1017 895 1100 spectaculum
919 1017 1095 1099 prebeant.
1142 1017 1294 1081 Econtra

171 1104 225 1167 illi
250 1104 371 1169 sedulo
394 1106 574 1170 instabant
598 1107 831 1188 deprecantes,
855 1109 896 1168 ut
920 1105 1130 1169 salutaribus
1153 1107 1293 1169 monitis

173 1195 453 1277 adquiescerente
488 1215 599 1276 neque
630 1195 792 1277 exiguum
823 1194 982 1258 Saxonici
1012 1195 1169 1269 nominis,
1202 1197 1293 1277 quod

173 1283 250 1347 cedi
285 1304 325 1347 ac
359 1283 621 1366 depopulationi
656 1283 896 1366 superfuisset,
932 1305 1021 1346 vana
1055 1284 1293 1367 desperatione

146 1373 348 1457 aperditum
371 1372 479 1449 ireut;
504 1393 550 1447 se,
575 1373 740 1435 siminus
764 1372 885 1434 salutis
905 1393 1032 1448 eorum,
1058 1367 1115 1435 at‘l
1135 1374 1293 1455 propriae

172 1461 438 1525 existimationis
469 1481 587 1525 curam
611 1461 855 1545 permaximam
885 1461 1022 1535 habere,
1054 1462 1113 1543 qui
1137 1463 1293 1545 profecto

171 1550 345 1613 maculam
368 1549 434 1612 sibi
458 1554 492 1613 et
515 1550 644 1614 crimen
667 1549 765 1612 nulla
784 1550 945 1633 deinceps
969 1553 1093 1627 aetate,
1118 1551 1217 1612 nulla
1232 1552 1293 1613 vir·

171 1642 249 1702 tute
274 1638 483 1703 abolendum
507 1640 760 1715 contraherent,
786 1640 833 1701 sie
856 1640 935 1702 fidei
960 1660 1042 1703 suae
1066 1640 1214 1703 creditos
1238 1640 1293 1702 ad·

172 1727 347 1792 versitatis
363 1728 564 1810 cuiusquam
580 1727 634 1792 vel
653 1728 738 1791 levis
755 1749 839 1791 aura
861 1728 1125 1811 perstringeret;
1150 1729 1293 1811 proinde

125 1842 160 1882 ir,
173 1817 283 1879 ituros
307 1837 343 1880 se
362 1817 406 1878 ad
425 1837 541 1899 regem
565 1819 609 1888 et,
634 1817 663 1879 si
686 1820 764 1880 tuto
789 1817 891 1880 fidem
916 1818 1038 1892 dicere,
1064 1819 1142 1880 tuto
1157 1817 1291 1880 veniam

175 1906 331 1989 polliceri
348 1908 496 1988 possent,
522 1909 756 1988 comperturos
780 1910 816 1969 et
836 1925 923 1987 quae
947 1909 1123 1988 comperta
1145 1906 1293 1969 fuissent

175 1995 228 2058 die
268 1997 406 2077 postera
443 1993 715 2058 renunciaturos.
772 1994 846 2057 Rex
884 1995 1076 2077 gratissime
1116 1995 1294 2077 amplexus

175 2083 268 2167 pacis
299 2083 561 2146 couventionem
584 2084 742 2165 promisit
773 2087 817 2158 et,
849 2084 939 2147 sicut
962 2083 1103 2167 vulgata
1130 2084 1166 2145 in
1191 2084 1293 2167 pluri-

175 2192 246 2235 mos
270 2172 365 2234 fama
387 2171 604 2253 loquebatur,
632 2172 736 2235 etiam
760 2172 998 2235 iusiurandum
1024 2173 1121 2235 dedit
1144 2173 1233 2235 nihil
1257 2193 1293 2236 se

125 2261 208 2323 eoin
233 2281 301 2336 eos,
332 2261 361 2323 si
385 2261 495 2323 dediti
522 2260 679 2336 fuissent,
712 2264 827 2344 preter
849 2261 1065 2324 voluntatem
1096 2265 1132 2324 et
1161 2265 1293 2325 seuten-

174 2350 259 2412 tiam
295 2352 452 2412 acturum
487 2370 619 2424 eorum,
656 2370 801 2433 quorum
835 2370 941 2432 opera
974 2354 1009 2414 et
1045 2350 1211 2413 beneficio
1245 2351 1293 2412 in-

176 2440 319 2502 cruenta
353 2437 419 2501 sibi
453 2439 539 2501 haec
574 2439 718 2501 victoria
752 2438 933 2521 obtigisset
943 2438 965 2498 ¹.
1012 2439 1100 2522 Sepe
1129 2439 1217 2501 itum
1253 2460 1391 2502 accam.

174 2527 325 2591 reditum
349 2530 411 2590 est.
451 2526 539 2609 Sepe
563 2527 722 2601 Saxones,
748 2527 900 2590 refutato
924 2527 1110 2591 deditionis
1139 2527 1291 2604 consilio,

175 2636 271 2679 arma
301 2616 454 2698 expediri
484 2620 588 2698 atque
611 2616 647 2677 in
671 2616 780 2680 aciem
804 2616 902 2699 signa
925 2615 1040 2680 efferri
1064 2617 1293 2680 conclamave-

142 2708 263 2779 rsrant
296 2704 378 2766 dum
408 2705 524 2767 omnia
554 2704 621 2768 fide
650 2705 741 2787 regis
771 2705 904 2768 tuciora
935 2705 1001 2768 sibi
1030 2704 1291 2770 arbitrarentur.

175 2793 244 2857 Sed
268 2787 416 2856 Gozelos
444 2793 513 2855 dux
543 2796 579 2857 et
609 2794 667 2876 qui
698 2814 776 2857 cum
807 2814 846 2858 eo
874 2796 996 2856 erantg
1022 2794 1105 2856 satis
1128 2795 1292 2878 impigros

174 2902 210 2946 se
227 2874 480 2945 exhibuerunt¹¹
496 2883 639 2964 negocio
656 2886 691 2946 et
706 2883 905 2946 ferocientis
917 2882 1152 2946 multitudinis
1168 2883 1293 2945 tumul-

172 2974 250 3033 tum
273 2991 367 3033 nunc
386 2971 496 3047 minis,
521 2991 612 3034 nunc
629 2970 875 3034 blandimentis
891 2971 1172 3054 comprimebant,
1197 2971 1294 3054 polli-

174 3062 303 3129 centes,
335 3062 370 3121 et
393 3060 474 3141 qnia
495 3059 608 3123 verbis
632 3080 753 3142 parum
776 3060 858 3123 fidei
881 3063 965 3132 erat,
992 3061 1096 3122 etiam
1121 3059 1184 3122 sub
1207 3060 1294 3122 iure-

138 3148 321 3215 aiurando
352 3149 608 3223 confirmantes,
640 3170 709 3211 non
740 3148 875 3223 salutis,
907 3168 977 3211 non
1006 3148 1192 3223 libertatis,
1224 3169 1294 3210 non

173 3237 382 3320 prediorum,
407 3258 477 3299 non
500 3236 753 3307 beneficiorum,
778 3258 848 3299 non
864 3241 1019 3300 caeterae
1043 3236 1294 3319 suppellectilis

173 3345 258 3388 suae
281 3325 389 3387 ullam
414 3345 471 3388 eos
494 3326 663 3389 iacturam
686 3345 854 3400 sensuros,
879 3326 939 3389 sed
963 3327 1144 3408 postquam
1168 3324 1293 3389 faciem

173 3415 267 3497 regis
306 3419 340 3476 et
379 3415 477 3495 regni
522 3415 738 3478 maiestatem
777 3417 1018 3477 momentanea
1056 3414 1293 3478 satisfactione

174 3503 463 3584 magnificassent,
494 3504 612 3566 statim
643 3503 819 3567 deditione
849 3503 1075 3566 absolvendos
1103 3506 1138 3568 et
1162 3504 1294 3587 patriae

136 3591 413 3673 alibertatique.
445 3593 480 3653 in
510 3592 615 3654 nullis
645 3593 828 3655 imminuto
859 3585 942 3654 sibii
973 3592 1184 3656 condicionis
1212 3614 1293 3657 suae

174 3684 286 3756 statu,
317 3681 549 3743 restituendos
579 3702 652 3744 esse
663 3683 683 3742 ².
730 3680 810 3744 Non
840 3683 956 3759 verba,
990 3703 1060 3745 non
1089 3682 1292 3757 iuramenta,

175 3854 266 3892 alsatis
282 3852 341 3891 alb.
397 3854 419 3899 b)
433 3851 576 3901 pecodumll
585 3856 644 3892 Μ.
695 3853 853 3902 clamart.
898 3853 1038 3903 djtaefflb.
1089 3855 1295 3903 cmi-perstrin-

175 3913 240 3954 geret
254 3918 296 3944 om.
312 3905 372 3943 ΒΗ».
418 3907 436 3951 ί)
450 3908 480 3944 ric
496 3907 557 3956 ⁸1⁸3
572 3908 661 3947 (fezzilo
676 3910 726 3956 A1;
742 3908 824 3946 (iezelo
838 3908 900 3957 3¹²3
916 3909 998 3947 (torel)
1012 3906 1076 3959 B1b5
1092 3907 1190 3956 olorem,
1205 3908 1211 3945 l
1226 3908 1295 3945 deleto

175 3971 235 3997 corr.
251 3960 394 3998 (aoranae.
449 3963 471 4007 g)
486 3961 611 4008 episcopi
626 3962 677 3999 add.
693 3963 741 3999 Al.
797 3961 1029 4009 njcxibuerunrar.
1085 3959 1294 4008 {flammaeve

137 4087 204 4143 sol)
224 4083 317 4133 Etiam
336 4084 431 4134 Brunc
456 4100 476 4138 c.
496 4086 539 4139 54.
565 4100 592 4135 se
616 4086 692 4147 fanto
714 4085 869 4148 comperisse
886 4083 950 4134 aaa
967 4099 1054 4146 rcpcm
1073 4084 1177 4133 iurasse
1194 4082 1296 4134 deditos

172 4157 312 4221 principes
331 4157 434 4205 ineunte
453 4172 537 4207 »nense
555 4155 697 4206 Novembri
713 4154 811 4206 solidos
829 4155 875 4206 iri.
975 4155 1003 4217 2)
1022 4153 1117 4204 Biana
1135 4168 1155 4205 c.
1174 4155 1217 4206 54.
1238 4169 1295 4204 vere

173 4227 272 4292 procul
282 4226 362 4276 dachic
379 4227 442 4275 dicit
461 4227 558 4291 Iepctos
575 4227 744 4291 principibus
762 4224 905 4275 Saaonicr's
919 4225 1136 4289 promissorem
1153 4240 1198 4274 nee
1216 4223 1294 4288 loppa

176 4313 222 4346 nec
234 4298 305 4346 dura
318 4300 468 4363 capriatae
480 4299 602 4349 tenendos
613 4313 673 4349 esse.
701 4296 743 4358 Cf.
756 4294 791 4347 ib.
804 4311 824 4348 c.
835 4297 878 4349 56.
890 4295 921 4344 de
929 4295 1139 4360 possessionibuw
1150 4295 1294 4349 rebellium.

176 4370 331 4419 Aeserniae·
349 4370 374 4418 ei
391 4371 468 4419 ctiam
488 4371 518 4417 in
537 4369 689 4419 uniuersum
710 4365 842 4419 Berthcld.
861 4367 945 4429 (Ann.
964 4365 992 4420 S.
1012 4365 1113 4430 Blasii)
1127 4383 1157 4432 p.
1176 4368 1237 4421 279.

1304 4572 1415 4712 Δ
