2842 5026
505 438 727 496 PRAEFATIO
746 439 776 493 (1.
795 439 845 495 IV.
1166 440 1235 494 XLI

106 622 209 701 sisset,
235 624 280 686 orl
301 643 410 687 ceram
433 622 527 687 telam
549 643 641 685 snam
664 623 827 686 texendam
852 620 1045 703 aaarerlitnr.
1098 623 1149 686 Ab
1177 623 1234 688 boo

106 717 264 775 momento
298 710 334 775 in
369 710 562 776 uberrimam
597 715 625 774 et
659 709 909 774 verbosissimam
949 710 1167 774 narrationem
1201 732 1234 775 se

106 799 256 877 efflunlil.

218 887 336 952 Euenit
324 889 450 969 tqnoil
484 885 608 951 eoenire
636 887 721 952 solet.
780 886 936 968 Eleaant
923 908 956 950 ia
991 893 1083 967 otone
1118 893 1233 952 ornatu

82 975 281 1056 sor-ationis,
317 976 456 1042 ubertate
490 974 704 1055 narrationis,
744 973 846 1039 iuctec
834 974 972 1039 tionibus
1005 976 1173 1040 aebemeutr
1171 975 1235 1039 bus

107 1065 320 1147 Laumerti
307 1086 343 1128 cu
373 1066 525 1145 quosdam
554 1064 655 1128 malos
682 1026 823 1128 tiomines
846 1063 931 1128 etin
954 1064 1055 1128 malos
1081 1066 1233 1146 quosdam

107 1174 213 1217 mores
249 1152 339 1217 illius
375 1152 488 1216 aelatis
523 1151 641 1234 decepti
669 1151 734 1216 oiri
763 1151 880 1216 eruditi
903 1173 965 1252 per
994 1152 1121 1217 saecula
1150 1152 1234 1218 brono

107 1242 215 1304 cirum
249 1240 532 1340 sapiemissimum,
568 1239 817 1320 veracissimum,
853 1240 1090 1321 aequissimum,
1126 1261 1233 1306 rernm

103 1336 269 1428 cestorum
293 1329 405 1411 optime
425 1351 565 1411 anorum
592 1328 821 1408 indicauerunt,
851 1328 945 1393 etiam
974 1335 1080 1393 nostro
1110 1329 1234 1394 saeculo

70 1443 97 1479 ιο
108 1417 173 1481 ciri
189 1418 273 1482 artis
288 1418 417 1484 criticae
433 1418 580 1483 callentes
594 1424 629 1482 ul
649 1417 688 1481 G.
702 1423 744 1481 A.
759 1417 803 1480 H.
819 1417 943 1482 Stenrel
954 1419 972 1498 ¹,
991 1419 1031 1482 L.
1044 1418 1086 1482 F.
1099 1419 1231 1498 Hesse²,

112 1506 154 1572 G.
174 1506 306 1572 Waitr⁸
321 1506 389 1571 eius
405 1507 514 1571 laudes
531 1504 808 1588 praedicanernnt.
848 1505 979 1570 Primus
994 1507 1040 1570 H.
1054 1507 1169 1571 Floto⁴
1193 1507 1233 1570 ab

107 1596 222 1658 borum
244 1595 361 1660 iudicio
380 1616 514 1660 consono
534 1594 684 1674 discessit,
701 1601 766 1658 lum
784 1593 888 1658 rtocrnt
904 1595 1081 1676 Leopolclus
1098 1595 1234 1659 Raulre⁵

109 1685 318 1765 Lompertnm
348 1705 404 1748 nec
434 1689 499 1746 tam
525 1704 663 1765 auarum
693 1703 800 1747 rerum
823 1684 862 1749 ab
886 1704 920 1746 eo
944 1689 1154 1747 narratarum
1176 1703 1233 1748 nec

107 1780 174 1835 tam
197 1792 334 1853 morium
356 1771 541 1853 instantque,
566 1778 600 1835 ul
623 1792 754 1852 consone
777 1770 928 1835 creditum
944 1777 1031 1851 esset,
1055 1774 1110 1836 secl
1127 1792 1233 1835 mona·

71 1885 97 1922 15
108 1861 201 1923 cbum
225 1860 355 1941 anansli
380 1859 491 1925 iudicii
506 1860 615 1940 fuisse,
640 1881 675 1923 eo
691 1858 821 1924 consilio
837 1859 893 1924 boo
909 1881 986 1942 omes
1002 1859 1231 1941 conscripsisse,

110 1955 143 2011 nt
165 1951 342 2013 ostenderet
363 1948 433 2013 iure
456 1947 635 2029 neeritoque,
660 1947 815 2013 Heinrico
831 1968 902 2029 reae
918 1950 1090 2030 reprobato,
1115 1947 1233 2012 Ruelol·

107 2038 179 2114 firru
212 2058 314 2119 renem
343 2038 471 2102 electum
500 2058 575 2101 esse.
627 2038 728 2118 Quam
755 2036 941 2100 senteutiam
965 2038 995 2100 Ι.
1012 2036 1055 2100 Α.
1073 2036 1234 2115 Lefartlr⁶

109 2126 254 2202 refellere
277 2125 379 2190 uoluit
402 2147 458 2190 nec
481 2125 596 2206 potuit,
627 2127 684 2189 sed
704 2124 813 2189 mitius
836 2127 873 2189 cle
897 2126 1066 2206 Lamperto
1089 2124 1232 2190 indican-

107 2216 184 2278 rtnm-
207 2235 274 2279 esse
296 2214 425 2296 cerrsrnt,
449 2234 519 2279 meur
541 2213 660 2278 uideret
681 2214 781 2278 multa
805 2213 840 2277 in
862 2213 1047 2278 Annalibus
1069 2213 1138 2278 eius
1160 2211 1231 2295 beai,

69 2323 190 2383 noerae
213 2304 371 2368 credenda
393 2308 494 2367 esseul
516 2309 545 2367 et
567 2302 653 2367 credi
676 2304 829 2366 deberent.
883 2302 955 2368 Hoc
976 2302 1102 2383 quinon
1123 2323 1232 2366 oerum

107 2397 154 2454 est
178 2412 235 2456 nec
258 2389 372 2472 ueyari
387 2396 499 2472 potest,
523 2393 579 2455 secl
599 2391 653 2456 ille
676 2390 811 2472 nealem't
827 2391 973 2472 plrcrima
995 2413 1042 2472 ea,
1067 2412 1147 2472 qnae
1170 2390 1232 2469 fal·

106 2479 234 2543 sissimo
269 2479 459 2561 Lampertus
493 2479 654 2560 narrauit,
690 2499 770 2561 qaae
804 2485 993 2544 coniurentus
1026 2485 1079 2544 est.
1134 2479 1232 2544 Hanc

106 2567 260 2632 lacernam
287 2568 333 2632 Η.
354 2567 515 2632 Delbrir'clc
544 2567 684 2649 enmleoil,
716 2567 771 2648 qui
799 2567 925 2650 carebia
954 2567 1232 2633 commentatione⁷

105 2655 244 2738 triyiuta
278 2662 414 2737 arratuor
447 2655 523 2721 locis
557 2656 737 2720 Annalium
778 2655 969 2720 examinatis
1010 2656 1232 2738 castiyatisaue

67 2744 245 2809 mosterulit
277 2745 484 2826 Lamperlnm
519 2744 591 2809 odio
625 2744 709 2826 reais
738 2750 864 2808 motruu¹
877 2744 1023 2826 pbnima
1053 2744 1165 2810 callide
1195 2744 1231 2808 in

107 2833 268 2898 iuricliam
297 2834 382 2914 reais
409 2833 632 2914 fautorumque
661 2833 729 2897 eius
757 2832 918 2897 ceritatem
946 2835 1139 2898 accedentem
1163 2855 1230 2899 con-

106 2922 248 3002 vertisse,
272 2921 368 2986 etiam
390 2921 470 3000 falsi
492 2920 555 2986 sibi
577 2921 736 2986 conscium
759 2943 828 2986 eum
850 2922 950 2985 rrndta
970 2921 1151 2987 ementitum
1167 2942 1232 2986 esse

105 3010 227 3091 armat.

226 3098 298 3162 Vim
320 3097 415 3163 buius
438 3098 596 3163 examinis
619 3098 673 3179 qui
689 3105 801 3180 postea
823 3099 906 3163 banc
928 3119 995 3163 rem
1017 3104 1232 3163 tractaverunt

68 3185 282 3268 eoreprimere
311 3208 376 3251 non
398 3193 584 3268 mollierunt,
621 3193 837 3252 concesseruut
871 3186 996 3269 atridem
1027 3187 1233 3267 Lampertum

100 3276 268 3355 perrnulta
297 3274 470 3353 falsissime
499 3296 659 3356 narrasse,
689 3274 726 3340 iu
749 3276 855 3340 aelium
879 3275 963 3357 roais
985 3281 1096 3339 contra
1124 3295 1232 3338 aerum

108 3362 307 3445 conrerlisse,
338 3363 433 3427 firrrmo
457 3363 557 3444 plrrra
587 3364 681 3428 etiam
711 3385 805 3445 orcam
833 3364 994 3429 Delbrr‘r'cb
1024 3362 1233 3445 castinacerat

103 3472 277 3533 perperam
306 3451 409 3516 relata
438 3453 648 3532 ostender-unt,
678 3455 735 3517 secl
756 3454 960 3535 Lampertum
991 3450 1148 3517 conscium
1171 3450 1233 3515 sibi

109 3539 243 3618 srauclis
272 3539 436 3604 nnntitnm
466 3561 530 3605 esse
560 3548 762 3623 ueaaoernnt.
821 3542 918 3606 Hanc
948 3541 1016 3619 sere
1044 3540 1233 3604 sententiam

72 3768 139 3832 ³51)
158 3765 262 3820 ‘Gema
280 3765 476 3819 Dcutselrlauda
494 3774 572 3818 auter
590 3767 639 3818 cleri
657 3768 844 3819 Franlusobcn
863 3767 994 3818 Kaisern’
1014 3767 1053 3831 II,
1070 3785 1100 3834 p.
1115 3769 1164 3821 101
1178 3784 1231 3834 sqq.

110 3840 138 3903 2)
159 3836 209 3890 SS.
228 3838 256 3899 V,
272 3839 467 3904 12143—147,
539 3841 567 3905 3)
586 3839 752 3902 ‘Zeltsclrrist
776 3841 797 3902 f.
818 3838 1154 3902 Gescbr'clrtswissmsobast
1172 3838 1234 3889 lm·

111 3924 187 3973 crima.
207 3924 257 3959 ron
282 3909 333 3961 Ad.
354 3909 486 3960 Sobmlrlt’
506 3910 545 3972 II,
562 3926 591 3975 p.
607 3912 665 3964 105.
743 3911 771 3974 4)
790 3910 899 3960 ‘Kaiser
917 3909 1048 3960 Heinrich
1073 3911 1121 3959 der
1147 3910 1234 3960 Viertc

112 3996 137 4029 n.
157 3979 215 4029 scin
233 3979 372 4030 Zritaltcr’
391 3979 414 4033 Ι.
434 3980 473 4034 ΙΙ.
492 3980 628 4046 Statinae-t
652 3997 678 4030 u.
698 3980 841 4045 Hambnrq
861 3982 937 4034 1855.
959 3981 1037 4045 1856,
1062 3983 1111 4046 qui
1126 3982 1233 4047 quidem

112 4050 244 4100 indicium
267 4067 345 4102 mcum
369 4066 422 4102 non
445 4051 637 4118 comprehendit
661 4051 709 4113 (ef.
729 4051 767 4115 II,
783 4067 812 4116 p.
828 4056 882 4114 11⁷),
908 4051 952 4103 secl
976 4051 1072 4102 munos
1097 4052 1165 4102 locos
1188 4051 1232 4101 de·

73 4123 235 4174 metrinoeit.
323 4123 350 4182 51
375 4122 444 4172 ‘Zur
469 4122 567 4172 Kritr'lc
592 4121 899 4184 fraenum-aunuum·
923 4122 1177 4173 Rn'clmauualiatm’
1203 4123 1234 4173 in

113 4191 256 4244 ‘Abbandb
275 4192 302 4246 d.
316 4193 405 4246 Alcocl.
418 4194 443 4246 d.
461 4192 539 4246 Wies.
552 4209 587 4242 zu
600 4192 701 4242 Berlin.
730 4192 875 4245 Pura-nm.
891 4192 939 4246 CI!
960 4195 1028 4248 1855
1050 4217 1080 4236 =
1102 4193 1232 4244 ‘Sllmmtl

118 4262 223 4313 Werlec'
241 4263 289 4316 LI.
303 4264 366 4327 LII,
383 4281 412 4330 p.
424 4265 573 4318 125-149.
629 4266 655 4328 6)
676 4263 810 4314 ‘Lambert
829 4280 877 4314 oon
890 4263 1025 4326 Hersfcld.
1054 4263 1111 4315 Ein
1120 4264 1234 4330 Bcitraq

112 4349 146 4383 zu
172 4335 260 4384 oeiuer
278 4334 386 4387 Critr'le’,
423 4333 495 4388 Dies.
517 4334 634 4398 Gb'ttr'nq.
671 4333 836 4397 Dasummi
853 4337 928 4389 1871.
1021 4335 1048 4402 7)
1074 4335 1167 4387 ‘Uebcr
1191 4335 1234 4385 clia

114 4403 365 4470 Glanbwlrdiylecit
382 4404 522 4455 Laurberts
539 4419 589 4455 oon
608 4403 753 4467 Hersfelcl'.
791 4405 869 4456 Boun
889 4407 966 4459 1873.
