2842 5026
440 105 641 163 mirsam
658 107 847 164 ANNALES.
885 110 919 165 A.
940 114 1017 167 1075.
1241 115 1294 168 229

161 296 245 349 mm
279 290 497 373 potissimum
524 291 668 355 consilio
696 291 826 356 bellum
851 292 1056 357 Saxonicum
1080 292 1382 358 administra-1075·

165 365 286 454 batur,
309 379 475 444 efferatae
491 380 726 444 multitudinis
749 381 880 444 animos
904 381 1035 446 salubri
1057 383 1293 446 moderatione
1304 361 1418 410 (¹“''‘⁴“⁹'

171 461 391 550 mitigabant,
419 471 558 534 orantes
581 489 638 538 eos
666 491 728 554 per
751 469 874 545 Deum,
905 491 949 534 ne
979 491 1082 547 arma,
1114 491 1202 553 quae
1232 492 1294 554 pro

125 620 127 625 .
177 552 381 620 vindicanda
411 556 573 622 libertate
603 578 665 622 sua
695 559 912 622 concorditer
935 560 1169 643 sumpsissent,
1201 581 1294 624 nunc

156 641 345 709 §diabolico
360 646 477 710 furore
492 648 622 731 raptati
646 647 682 709 in
698 647 856 731 propria⁸
874 648 1006 712 viscera
1020 641 1292 730 retorquerentb,

187 751 246 797 neu
273 734 430 799 hostibus
460 736 540 812 suis,
572 736 631 818 qui
661 736 854 800 luctuosam
879 758 899 799 a
922 757 958 800 se
981 737 1161 800 victoriam
1184 758 1295 819 repor-

191 825 319 898 tassent,
351 844 413 907 per
442 824 643 889 intestinam
673 826 763 889 hanc
793 825 1001 890 sedicionem
1032 825 1162 888 animos
1194 827 1295 889 auda·

195 912 328 994 uiamque
351 916 560 996 repararent.
597 913 759 978 Preterea
782 918 971 989 cernentes,
996 915 1085 996 quod
1109 914 1294 977 infractam

197 1001 286 1088 prima
305 1001 513 1066 adversitate
530 1002 666 1085 plebem
681 1003 904 1068 vehementer
926 1004 996 1065 iam
1015 1002 1100 1067 belli
1123 1002 1295 1086 peniteret

198 1091 304 1179 pariter
325 1094 361 1154 et
384 1092 529 1168 tederet,
548 1091 651 1156 veriti
674 1092 788 1168 etiam,
813 1095 853 1154 ut
877 1112 1010 1175 semper
1032 1091 1165 1154 varium
1189 1096 1224 1154 et
1247 1091 1295 1154 in·

199 1178 298 1246 stabile
329 1183 382 1243 est
411 1179 522 1263 plebis
551 1180 743 1263 ingenium,
777 1201 821 1244 ne
851 1181 943 1264 ipsos
973 1181 1145 1264 principes
1176 1183 1294 1263 captos

199 1269 253 1352 regi
272 1267 449 1332 traderent
472 1271 508 1332 et
530 1288 628 1332 suam
651 1269 798 1333 salutem
822 1289 939 1332 eorum
964 1269 1130 1352 sanguine
1154 1269 1295 1334 redime-

197 1361 265 1431 rent,
292 1356 489 1421 retulerunt
519 1358 563 1421 ad
591 1378 648 1422 eos
672 1358 714 1422 dc
738 1378 822 1441 pace
845 1358 1071 1421 instauranda
1101 1361 1294 1422 suaserunt-

197 1468 254 1530 que,
275 1449 323 1521 ut,
349 1447 531 1528 quoniamc
552 1446 658 1511 semel
681 1451 824 1530 accepta
840 1447 956 1510 clades
973 1446 1056 1511 belli
1072 1441 1142 1510 eisd
1161 1447 1294 1510 tedium

161 1537 417 1618 uberioremque
440 1535 673 1612 incussisset⁰,
698 1556 834 1600 omnem
858 1556 949 1598 nunc
966 1555 1104 1619 operam
1120 1537 1294 1600 verterent

172 1624 228 1688 sd
253 1623 453 1708 placandam
482 1624 572 1707 regis
602 1624 785 1689 adversum
815 1645 850 1689 se
880 1625 1165 1708 indignationem.
1213 1622 1294 1688 Gra-

193 1717 289 1777 tanter
317 1707 442 1776 nimiss
473 1715 538 1777 hoc
569 1713 726 1776 auditum
757 1717 1004 1797 acceptumque
1039 1715 1092 1778 est
1126 1712 1170 1776 ab
1201 1713 1295 1776 omni

191 1800 284 1884 plebe.
336 1797 530 1884 Statimque
565 1802 763 1885 episcopum
794 1801 1035 1868 Premensem1
1070 1805 1106 1866 et
1135 1801 1293 1866 Udonem

189 1890 407 1955 marchionem
440 1890 567 1954 collato
598 1890 741 1955 consilio
776 1892 819 1954 ad
848 1911 966 1975 regem
998 1892 1165 1955 miserunt
1195 1912 1293 1956 orare

148 1994 240 2061 -nper
260 1978 382 2056 Deum,
411 1983 452 2042 ut
479 1980 603 2044 saltem
626 2001 719 2042 nunc
743 1981 910 2062 sanguine
934 2000 1052 2044 eorum
1076 1983 1294 2044 exsaturatus

187 2065 373 2132 iracundiae
409 2089 490 2133 suae
530 2069 670 2132 modum
706 2072 851 2152 poneret
885 2089 949 2133 nec
984 2069 1146 2152 exiguum
1180 2069 1293 2152 gentis

187 2153 372 2233 Saxonicae,
397 2158 490 2239 quod
513 2158 745 2222 atrocissimae
769 2158 845 2222 cedi
868 2157 1096 2241 superfuerat,
1117 2177 1225 2240 usque
1249 2158 1293 2221 ad

185 2241 436 2310 internicionem
452 2247 597 2322 deleret;
616 2247 707 2310 diem
722 2247 840 2330 pocius
856 2246 1037 2328 locumque
1055 2246 1291 2321 constitueret,

185 2351 241 2415 quo
263 2337 342 2398 tuto
365 2335 492 2411 venire,
523 2338 602 2398 tuto
630 2356 769 2400 causam
792 2335 905 2399 dicere
929 2334 1050 2399 liceret
1060 2336 1081 2396 ².
1129 2334 1172 2399 Se
1196 2335 1294 2398 iuxta

138 2420 447 2488 niurisdictionem
463 2425 616 2488 omnium
631 2425 729 2507 regni
753 2423 948 2506 principum
972 2425 1015 2487 de
1039 2424 1132 2488 omni
1155 2424 1291 2500 iniuria,

183 2531 299 2593 quase
323 2512 432 2578 lesum
457 2513 596 2590 diceret,
628 2516 767 2595 paratos
796 2513 829 2577 ei
859 2513 903 2576 ad
931 2515 1052 2576 votum
1082 2513 1291 2588 satisfacere,

181 2619 309 2665 omnem
325 2605 498 2684 postremo
515 2601 809 2665 satisfactionemg
828 2622 1028 2685 proponere,
1050 2602 1175 2678 omnia,
1198 2601 1293 2664 salva

179 2690 274 2753 modo
291 2690 363 2753 vita
386 2694 421 2753 et
445 2690 617 2766 libertate,
642 2690 792 2754 libenter
811 2711 970 2774 passuros
993 2690 1077 2767 iore,
1103 2691 1131 2753 si
1154 2693 1292 2752 tantum

177 2778 442 2861 expeditionem,
476 2800 579 2861 quam
609 2779 789 2842 adversum
820 2799 856 2843 se
887 2778 1045 2843 omnibus
1075 2779 1174 2861 regni
1204 2778 1292 2862 prin-

128 2866 306 2950 arcipibus
321 2867 488 2930 indictam
505 2867 761 2950 comperissent,
785 2868 830 2931 ad
852 2871 990 2951 tempus
1013 2866 1197 2930 inhiberet.
1238 2866 1293 2928 Ad

173 2954 257 3019 haec
282 2976 342 3020 rex
365 2956 415 3019 ait
439 2976 561 3020 senec
585 2957 633 3020 eis
657 2977 721 3021 nec
745 2957 904 3038 cuiquam
933 2956 1061 3017 iustam
1088 2954 1292 3019 satisfactio·

171 3064 250 3108 nem
279 3045 322 3109 de
347 3045 450 3127 culpa
477 3046 684 3128 proponenti
706 3045 841 3108 veniam
870 3046 1088 3126 negaturum,
1119 3043 1162 3106 de
1192 3045 1292 3105 tanto

171 3137 288 3197 autem
316 3126 478 3216 tamqueh
505 3134 614 3197 atroci
642 3133 785 3216 negocio
814 3132 1062 3216 precipitanter
1085 3131 1293 3196 sententiam

169 3220 262 3286 ferre
292 3243 356 3286 nec
386 3222 476 3287 velle
506 3243 570 3287 nec
600 3223 738 3299 debere,
775 3222 885 3285 donec
917 3220 1089 3304 principes
1123 3220 1222 3304 regni
1256 3219 1293 3282 in

136 3331 280 3374 aunum
311 3312 547 3385 convenirent,
578 3311 615 3373 in
646 3332 790 3393 quorum
821 3330 1037 3375 communem
1067 3308 1292 3393 ignominiam

168 3398 262 3463 lesae
292 3401 408 3482 regiae
436 3393 644 3464 maiestatis¹
675 3400 803 3462 iniuria
829 3399 1053 3476 redundaret,
1084 3402 1120 3463 et
1148 3418 1293 3481 quorum

167 3491 242 3551 tam
266 3489 395 3553 virtute
420 3488 550 3553 bellum
573 3488 834 3572 transigendum
861 3509 963 3570 quam
988 3487 1131 3551 consilio
1155 3508 1221 3571 pax
1243 3505 1293 3549 re·

167 3578 326 3660 paranda
350 3581 449 3655 esset,
480 3577 659 3661 presertim
689 3597 767 3641 cum
794 3577 863 3639 iam
894 3596 1119 3660 sepenumero
1143 3575 1234 3638 bona
1258 3576 1293 3637 et

167 3769 191 3809 ai
206 3769 287 3816 propia
297 3769 354 3810 131⁸.
402 3767 425 3811 bl
440 3767 689 3814 rotorraqneren213113
707 3771 754 3805 reto
764 3765 772 3816 [Ι
782 3769 938 3812 retorquerent
948 3765 1005 3806 1³1⁰.
1050 3764 1071 3808 c)
1086 3758 1197 3811 quomodo
1207 3760 1227 3799 A
1237 3762 1292 3802 1.1¹.

128 3819 192 3865 md]
208 3822 319 3863 clusAl.
374 3819 599 3871 amemusctcib.
654 3814 1091 3869 onocnrmneorrmmlshocfllb.
1137 3814 1292 3865 nicetem-r.

167 3875 277 3916 artefice.
292 3874 351 3917 arb.
405 3875 428 3922 lr)
443 3879 526 3922 unqua
540 3874 560 3910 A
569 3876 587 3915 1.
601 3871 666 3922 ΒΜ
682 3876 788 3921 tanquam
802 3871 861 3912 131⁸.
870 3871 890 3912 ἵ.
944 3870 960 3918 ί)
975 3869 1073 3908 malentis
1087 3867 1145 3911 131⁸.

169 4017 196 4081 1)
214 4016 380 4069 hiemarum.
474 4016 503 4081 2)
527 4015 599 4066 Idem
625 4012 838 4078 archiepiscopus
862 4009 1100 4076 Mapdebaroensis
1124 4009 1211 4061 tribua
1235 4008 1294 4059 suis

166 4089 298 4155 epistolis,
319 4089 412 4139 Bruno
430 4103 450 4140 c.
470 4089 513 4141 48.
532 4088 576 4140 49.
595 4087 639 4149 51,
655 4083 810 4148 postulavit.
