2842 5026
266 375 468 432 LAMPERTI
485 376 675 433 ANNALES.
712 378 748 433 A.
768 381 846 434 1077.
1070 379 1125 434 223

115 562 223 624 emate
243 559 286 623 ab
303 559 471 624 aecclesia
486 560 664 624 recideret
700 559 846 623 Nullum
862 563 978 624 tamen
995 556 1202 671 sapien-(1101
1189 574 1213 608 5

115 652 203 712 itere
227 649 352 731 potuit,
377 669 445 730 quo
468 649 685 732 potissimum
705 651 877 732 spectaret
898 649 966 712 hoc
981 625 1189 726 factum,¹“”

115 737 213 811 ilicet
246 741 286 799 ut
309 737 480 801 exercitus
509 738 600 820 regis
623 738 814 821 promptior
838 738 999 821 deinceps
1022 739 1125 802 fiden-

115 846 137 891 e
167 826 348 890 adversum
380 846 438 890 θοι
469 825 598 890 bellum
627 828 772 909 gereret,
805 826 848 890 de
871 847 1017 908 quorum
1040 827 1124 890 occi·

132 914 160 977 si
179 919 258 998 post
274 915 663 979 excommunicationem
680 915 785 978 occisi
802 915 961 988 fuissent,
987 918 1125 998 putaret

115 1008 152 1067 οΙὶ
180 1003 332 1087 peccatis
362 1003 550 1067 obnoxium
579 1003 654 1068 fore
684 1024 747 1067 nec
778 1004 884 1088 penis,
917 1023 1001 1085 quas
1033 1002 1125 1087 leges

115 1092 255 1156 iasticae
279 1095 441 1155 statuunt
465 1092 676 1156 homicidis1.

115 1181 226 1263 Igitur
242 1181 349 1243 movit
365 1181 535 1245 exercitus
552 1181 595 1245 de
615 1181 690 1244 loco
706 1181 904 1244 certaminis
927 1182 963 1244 et
978 1181 1126 1243 transita

115 1262 225 1371 gisl·
215 1289 390 1351 ingressus
414 1274 467 1333 est
491 1264 720 1343 Saxoniamff
723 1269 838 1332 omnia
861 1270 1125 1351 circumquaque

127 1359 201 1422 et'
192 1379 272 1440 1gne
303 1357 527 1442 depopulans,
562 1358 792 1440 tantasque
782 1379 819 1420 ιιι
853 1357 945 1420 villis
980 1356 1125 1439 singulis

115 1447 174 1509 ritc
204 1466 296 1529 opes,
327 1447 574 1511 fecundissima
608 1447 741 1511 scilicet
774 1446 915 1529 regione
950 1449 986 1510 et
1020 1445 1125 1509 nullis

115 1556 151 1599 ac
176 1534 277 1599 bellis
301 1531 468 1612 attactad,
500 1539 540 1598 ut
563 1536 779 1600 avidissimae
807 1534 901 1617 plebi
924 1538 1124 1608 castrorum,

126 1624 200 1688 sola
235 1644 294 1707 spe
328 1625 527 1707 rapinarum
555 1625 743 1688 exercitum
774 1624 991 1706 sequebatur,
1028 1624 1127 1706 copia

115 1717 143 1777 ct
173 1712 354 1775 fastidium
366 1713 387 1774 ².
434 1712 508 1776 Rex
538 1715 655 1776 tamen
690 1712 845 1775 assiduas
875 1713 919 1775 ad
955 1712 1126 1796 principes

115 1802 173 1865 dae
209 1800 400 1883 legationes
434 1805 510 1863 tum
545 1821 616 1872 suo,
652 1804 727 1863 turn
758 1801 953 1884 principum
986 1821 1126 1863 suorum

115 1910 144 1955 ie
168 1889 375 1964 destinabat,
401 1890 543 1952 hortans
567 1910 633 1965 eos,
658 1893 698 1952 ut
721 1910 757 1953 se
777 1890 944 1953 dederent
967 1892 1071 1971 atque
1090 1890 1126 1952 in

116 1979 190 2041 ntia
213 1979 287 2041 eius
310 1978 430 2060 pocius
453 1998 555 2059 quam
586 1978 623 2039 iu
646 1979 749 2041 armis
773 1978 853 2053 suis,
885 1982 992 2059 quae⁰
1021 1978 1127 2042 semel

115 2067 195 2131 riter
233 2070 475 2190 temptassent,
511 2087 606 2149 spem
645 2066 711 2129 sibi
749 2068 910 2149 deinceps
948 2071 1126 2149 ponerent.

114 2155 166 2218 illi
205 2156 300 2219 haud
368 2155 482 2218 dubiis
520 2155 657 2218 indiciis
696 2158 909 2237 compertum
948 2155 1125 2228 habentes,

115 2265 136 2307 ο
158 2245 195 2307 in
220 2264 277 2307 eos
301 2244 380 2306 odio
404 2247 588 2320 aestuaret,
614 2247 809 2308 extremaet
835 2244 1030 2308 dementiae
1054 2264 1127 2308 esse

115 2333 217 2407 ibant,
242 2335 283 2394 ut
307 2333 338 2396 ei
362 2332 611 2414 precipitanter
626 2332 803 2414 sanguinis
827 2333 879 2394 sui
903 2333 957 2396 ius
980 2336 1127 2415 potesta-

115 2442 144 2485 ιθ
174 2423 345 2496 facerent,
377 2421 475 2483 cuius
505 2421 591 2483 iram
623 2421 732 2485 tantis
761 2424 844 2485 ante
874 2421 1126 2504 expeditionem

115 2509 318 2573 icationibus
348 2510 508 2591 mitigare
539 2510 784 2592 nequivissent.
830 2509 973 2573 Tamen
990 2510 1127 2573 manda-

114 2602 131 2661 t
164 2598 197 2663 ei
230 2598 343 2661 verbis
378 2597 592 2681 supplicibus
626 2618 661 2661 se
696 2618 816 2681 pacem
848 2619 951 2681 quam
986 2598 1126 2671 bellum

115 2687 226 2750 ntiam
250 2687 324 2749 eius
348 2707 449 2768 quam
472 2680 769 2769 indignationemh
796 2706 931 2790 semper
953 2686 1125 2763 maluisse,

114 2797 147 2838 m
178 2775 207 2838 si
238 2774 306 2837 alio
337 2775 451 2857 precio
475 2795 578 2857 quam
606 2776 744 2858 proprio
768 2776 936 2859 sanguine
959 2776 1126 2840 redimere

115 2867 214 2940 ssent,
251 2883 427 2946 nunquam
462 2865 506 2927 ad
542 2864 626 2928 haec
657 2869 811 2928 extrema
840 2865 1000 2928 audenda
1031 2885 1126 2948 expe-

115 2973 194 3035 uque
228 2972 446 3035 processuros
481 2953 604 3029 fuisse;
639 2953 761 3035 quodsi
790 2952 847 3017 vel
881 2974 972 3016 nunc
1004 2952 1126 3016 saltem

115 3041 241 3105 dictam
267 3040 399 3106 cladem
424 3061 483 3105 cor
506 3041 579 3104 eius
601 3042 775 3124 tetigisset
798 3040 968 3114 Danant
991 3039 1126 3103 calami
1136 3058 1242 3107 emera
1251 3059 1283 3101 ra

115 3151 139 3193 ia
169 3151 288 3194 corum
318 3129 527 3206 condoleret,
559 3150 643 3212 quos
674 3150 761 3213 pene
790 3122 915 3211 usque¹
950 3129 994 3191 ad
1024 3129 1127 3192 inter·

115 3213 200 3283 iemk
234 3219 483 3301 prostravisset,
520 3239 555 3282 se
590 3219 655 3281 hoc
686 3221 864 3300 gratanter
893 3216 1057 3301 amplecti
1092 3221 1126 3281 et

114 3308 218 3371 eratis
251 3329 271 3369 a
302 3308 404 3371 corde
435 3328 496 3370 suo
527 3307 686 3369 omnibus
716 3305 825 3380 malis,
857 3306 1020 3387 quibus
1011 3325 1128 3370 meos

118 3396 303 3478 odiumque
334 3416 434 3458 suurn
465 3395 644 3479 explesset,
676 3394 838 3476 deinceps
866 3394 897 3458 ei
920 3395 1007 3458 fidos
1031 3394 1128 3458 devo-

115 3485 300 3548 elaturos.
348 3484 384 3546 Si
409 3489 526 3548 autem
549 3485 614 3547 hoc
644 3482 746 3547 aliter
770 3503 872 3565 quam
901 3503 963 3567 per
986 3483 1129 3548 deditio·

115 3573 185 3636 lieri
207 3594 277 3636 non
294 3577 418 3656 posset,
444 3572 635 3637 consultius
658 3571 724 3635 sibi
741 3592 823 3649 esse,
847 3578 888 3636 ut
907 3573 1002 3636 salva
1018 3573 1129 3638 existi·

116 3681 160 3726 ne
198 3681 273 3736 sua,
310 3661 476 3724 incolumi
512 3661 672 3726 libertate
707 3682 782 3738 sua,
818 3662 855 3726 in
891 3663 1129 3746 congressione

115 3771 150 3814 ca
178 3753 404 3825 morerentur,
437 3771 538 3832 quam
569 3751 679 3814 dediti
709 3750 780 3814 ritu
803 3752 974 3834 pecudum
998 3750 1129 3834 iugula·

115 3947 273 3993 eancccrb,
314 3949 540 3998 mrhurssrvaa
580 3949 817 3999 crepantum.
857 3947 1011 3996 dmctaBt.
1052 3948 1073 3998 θ)
1088 3960 1131 3987 ιιοιι

115 4013 154 4045 am.
172 4003 195 4040 in
210 4014 279 4050 mara.
295 4003 346 4044 add.
360 4003 405 4045 132.
473 4003 567 4051 ohaut
583 4003 642 4046 1³1⁸.
709 4006 732 4051 g)
753 4009 810 4044 extr.
824 4003 992 4041 -ludrcabanr
1012 4013 1053 4043 om.
1072 4000 1131 4043 arb.

115 4056 202 4095 ritatem
217 4058 264 4098 Al.
325 4057 341 4106 i)
355 4057 383 4095 ad
398 4057 438 4098 lnt.
452 4066 521 4104 usque
535 4055 595 4099 urb.
659 4056 683 4107 k)
698 4056 870 4095 internecionem
886 4055 936 4094 1³1·
950 4055 1048 4104 caepim
1064 4054 1133 4094 luter-

115 4121 123 4147 ι
137 4110 176 4148 ΑΙ
191 4120 274 4159 aemper·
287 4111 340 4156 sere.

115 4279 251 4329 cinciae
271 4278 332 4328 bene
349 4280 489 4341 castigavit
507 4276 642 4329 Datame
657 4295 685 4344 p.
698 4278 822 4331 46-48.
906 4277 934 4343 2)
957 4276 1000 4340 Cf.
1020 4276 1132 4329 Caranon

114 4352 244 4411 29-253,·
262 4351 336 4415 epist.
356 4350 426 4399 duas
445 4347 604 4411 Werinheri,
623 4349 719 4400 Bruto
737 4363 758 4402 c.
770 4349 814 4403 40.
827 4348 878 4410 51‚·
896 4347 930 4401 ic.
949 4364 970 4401 c.
982 4349 1026 4402 47.

390 4670 570 4750 Α
1132 4538 1269 4750 Δ
