2842 5026
151 368 203 422 352
274 359 476 416 LAMPERTI
495 356 719 414 INSTITUTIO
737 354 1039 413 HERVELDENSIS
1057 353 1164 410 EOOL

153 546 279 611 abbate
308 538 534 627 'Meginherm
566 562 668 625 quem
703 540 796 605 idem
826 540 1015 606 Heinrieus
1045 544 1089 603 nt
1125 544 1288 621 sanetum

154 636 264 698 virum
299 631 529 697 venerabatur
563 634 599 694 et
637 629 793 693 sociabat
827 629 929 694 lateri
963 623 1066 694 sno*.
1122 628 1262 697 Decima

154 725 258 788 etiam
282 722 492 785 tributorum
516 719 695 802 regalium,
720 719 830 783 donee
853 719 995 795 viveret,
1021 718 1193 783 concessit
1202 719 1220 780 ¹.

66 825 143 878 1059.
262 809 484 873 Burehardns
521 809 702 891 episeopus
736 806 1045 872 Halberstadensis
1082 809 1162 890 post
1194 808 1264 874 haee

154 900 251 975 obiit,
283 896 352 979 [eui
375 902 485 960 auctor
508 895 606 960 libelli
636 894 731 959 beliue
761 894 881 959 crimen
911 894 1047 977 imponit
1070 893 1208 959 iniustae
1227 898 1280 962 des

154 986 303 1052 tentoriis
327 985 464 1050 decimae
487 984 661 1064 caciaredam,
685 1003 765 1064 eleae
782 983 963 1066 pertinebat
986 985 1032 1048 ad
1052 983 1266 1049 menaeleriim

155 1075 385 1141 Herseelrleaee
408 1069 523 1154 elc.**]

156 1199 421 1208 ——----——.-—-

316 1251 632 1327 mansuetudinem,
664 1250 909 1315 affabilitatem
944 1254 1049 1333 atque
1086 1250 1124 1313 in
1158 1250 1266 1315 <landis

316 1341 520 1423 elemosynis
543 1339 800 1403 liberalitatem.
840 1339 925 1402 Erat
944 1342 1062 1403 autem
1087 1339 1161 1421 ipse
1182 1339 1267 1422 nigro

316 1430 464 1512 quidem,
497 1429 556 1492 sed
580 1431 726 1492 venuste
757 1431 909 1511 aspectu,
941 1431 1078 1491 statura
1108 1448 1291 1510 procerum

316 1519 405 1580 Nam
445 1518 487 1581 ab
527 1517 671 1581 humero
709 1521 745 1581 et
783 1537 918 1580 sursum
957 1516 1135 1581 eminebat
1179 1536 1269 1600 snper
1314 1600 1316 1617 Ι

316 1627 452 1670 omnem
476 1606 653 1690 populum.

273 1691 299 1757 *)
318 1691 467 1756 ll'iqandur
478 1690 680 1755 Ger-nentem
692 1690 767 1755 apum
776 1689 931 1742 Schmimm
942 1688 967 1756 I,
977 1706 1008 1757 p.
1017 1692 1079 1744 103.
1090 1688 1153 1741 baec
1158 1690 1268 1755 praeta:

317 1763 398 1844 (Leo
423 1761 499 1847 IX.)
539 1762 653 1844 Duller
683 1765 798 1829 bobist
828 1765 896 1828 hilt
926 1786 992 1848 eyn
1017 1763 1211 1829 Concilium
1235 1787 1269 1828 m

317 1856 433 1919 Mentz
457 1855 549 1917 unde
569 1875 680 1937 eynen
703 1854 826 1918 seenth
848 1854 885 1916 in
908 1854 1201 1937 geynwirtiekeyd
1218 1854 1295 1919 desa

318 1947 554 2026 vorgenanten
584 1936 717 2025 Keyller
741 1941 908 2005 Hinriehs
938 1943 1031 2007 unde
1062 1943 1100 2005 in
1131 1938 1270 2018 biwessen

318 2037 360 2094 42
380 2032 557 2095 bisehbffe.
597 2030 664 2113 Ale
685 2051 762 2094 aran
786 2032 845 2093 (lae
867 2029 950 2095 arceb
972 2029 1049 2114 lessil
1071 2029 1109 2095 in
1133 2031 1188 2094 der
1207 2029 1269 2095 Cre

318 2120 414 2183 milen
437 2141 497 2183 ron
521 2119 679 2202 Herssfell.

71 2231 146 2283 ¹⁰⁵¹·
258 2222 301 2288 a
319 2222 705 2362 tantillas}
728 2222 852 2361 tlt
867 2220 1078 2380 istest
1108 2206 1271 2380 tlte

391 2321 398 2334 .
1067 2348 1074 2372 ‚
1278 2322 1299 2361 ω

319 2387 467 2450 biseheff
487 2386 602 2449 Bardo
626 2407 667 2448 zu
687 2319 814 2462 Miner,
839 2386 931 2450 unde
955 2406 1059 2468 quam
1083 2405 1150 2469 eyn
1174 2385 1272 2449 ander

319 2497 362 2538 an
393 2476 466 2539 sine
502 2475 586 2537 stait
619 2478 749 2556 genant
781 2473 1010 2557 Luippoldus‚
1048 2475 1112 2539 der
1147 2474 1273 2538 buwete

320 2571 396 2627 sent
427 2564 553 2626 Jacobs
578 2566 729 2626 monster
759 2563 811 2625 uff
841 2564 908 2626 den
939 2564 1023 2645 berg
1051 2563 1107 2626 bie
1132 2562 1273 2626 Mentzl.

319 2651 433 2731 Duller
464 2653 612 2715 bischoff
635 2651 851 2734 Luippoldus
880 2652 978 2714 hisch
1003 2652 1192 2715 tzehinden
1214 2672 1276 2714 ron

320 2743 386 2804 den
403 2745 527 2821 gutern
544 2742 580 2801 in
597 2740 784 2821 Deringem
803 2741 858 2803 die
875 2741 919 2802 da
935 2741 1042 2803 werin
1058 2741 1121 2803 der
1137 2745 1305 2821 tzweyerrs

320 2832 428 2892 stiffte
453 2851 492 2891 zu
517 2829 629 2891 Fnlrla
653 2830 744 2892 unde
769 2850 809 2890 zu
834 2829 1022 2892 Hersfelt³.
1067 2827 1277 2909 Dellgliehen

318 2920 396 2981 thet
421 2919 568 2980 bisehoff
592 2918 769 2980 Burekard
794 2939 834 2979 zu
858 2917 1068 2980 Helverstad
1098 2919 1190 2980 auch
1215 2918 1278 2980 den

319 3014 450 3088 tzweyn
474 3008 607 3069 stifften
632 3007 695 3067 itzt
718 3011 847 3088 genant
870 2999 987 3088 grellin
1011 3001 1154 3088 verdryll
1178 3005 1280 3068 umbe

319 3098 386 3159 <len
409 3096 596 3158 tzehinden
619 3095 655 3156 in
673 3116 765 3177 syme
783 3095 981 3158 bisehthum
1006 3095 1157 3176 gelegin.
1198 3094 1280 3155 Dar·

320 3185 421 3263 hegin
458 3184 589 3246 arbeite
620 3183 812 3265 Sigefridus
848 3186 908 3267 apt
943 3205 983 3245 zu
1019 3183 1153 3245 Fulda⁴
1189 3183 1313 3245 undem

319 3274 527 3355 Meynherus
552 3276 612 3353 apt
636 3293 676 3333 zu
700 3269 868 3350 Herllfelt,
897 3273 990 3336 unde
1014 3273 1188 3354 sprochin‚
1220 3272 1281 3334 wie

319 3364 379 3424 (las
411 3362 485 3425 lant
517 3383 556 3422 zu
588 3360 766 3443 Doringen
801 3361 935 3424 tzehint
967 3362 1022 3443 fry
1053 3381 1151 3437 were,
1189 3360 1282 3422 unde

319 3452 407 3513 aueh
433 3448 550 3529 billher
574 3452 733 3531 nymants
757 3450 890 3531 keynen
914 3449 1093 3512 tzehindin
1115 3469 1184 3511 von
1209 3450 1282 3511 erin

319 3543 444 3618 guterri
474 3540 510 3600 in
541 3538 719 3619 Doringen
750 3539 898 3620 gegebin
930 3539 1063 3613 hetten‚
1095 3538 1188 3601 unde
1216 3559 1283 3598 was

319 3628 365 3688 vil
397 3628 613 3708 errethumps
644 3627 801 3690 tzusehin
833 3628 899 3690 den
930 3629 1059 3690 tzween
1088 3625 1316 3689 bisehoffenn

319 3717 369 3776 uff
400 3738 465 3797 eyn
495 3717 587 3778 unde
618 3716 684 3778 den
715 3719 845 3778 tzween
875 3715 1010 3780 stifften
1040 3714 1154 3777 Fulda
1189 3715 1283 3777 unde

321 3802 478 3879 Herllfelt
503 3805 553 3865 uff
578 3804 632 3867 die
657 3804 764 3867 ander
787 3805 934 3886 parthie,
967 3804 1022 3867 die
1046 3804 1284 3886 tzweydraeht

319 3897 421 3956 werte
447 3893 501 3956 bie
526 3893 627 3955 aehte
650 3892 780 3973 ¹iarenl.

159 4049 185 4111 1)
205 4047 286 4097 Nllu'l
304 4047 353 4096 lme
365 4049 396 4097 (le
410 4064 438 4098 re
457 4048 524 4098 alibi
542 4048 657 4097 relatum
671 4054 715 4110 est,
735 4064 780 4099 nee
798 4047 917 4114 diploma
935 4049 1006 4110 reela
1024 4047 1061 4097 ad
1073 4063 1131 4097 eam
1144 4048 1285 4113 pertinens

157 4124 251 4171 errarat.
298 4120 414 4181 ⁴limfeld
444 4119 514 4169 hune
546 4119 630 4169 locum
661 4119 789 4183 neelexil,
818 4119 864 4170 sed
890 4119 926 4180 ef.
955 4119 1029 4184 apltd
1056 4133 1113 4168 eum
1140 4136 1169 4184 p.
1190 4120 1226 4170 37
1245 4132 1316 4182 emm

157 4189 186 4252 2)
206 4190 249 4250 Cf.
269 4192 353 4252 Arm,
378 4207 464 4253 aalma
483 4207 512 4254 p.
527 4192 569 4243 63.
584 4193 633 4250 ll,·
658 4190 701 4242 ‘N.
721 4189 834 4241 Arebt'e'
854 4189 936 4254 XIX,
960 4206 990 4254 1).
1004 4190 1056 4242 174
1068 4205 1107 4254 ὃς.
1191 4192 1219 4249 3)
1241 4190 1283 4250 Cf.

158 4260 272 4320 Arasmi
289 4263 415 4325 1›.3lsq.
480 4264 506 4320 4)
525 4261 577 4311 llic
595 4267 698 4311 lantum
717 4278 742 4314 a.
758 4263 836 4323 1058,
856 4261 915 4313 Dec.
928 4262 1092 4322 25-1059,
1108 4260 1170 4313 Dec.
1190 4274 1284 4310 mona-

157 4331 238 4378 elerlo
264 4330 395 4380 Fulelenei
418 4332 550 4396 praesuret.
641 4334 668 4395 5)
697 4332 737 4383 De
763 4332 870 4383 ‹lecinn'e
897 4331 1069 4397 quarundam
1096 4330 1226 4381 villarum
1257 4333 1284 4380 in
