2842 5026
10 1439 44 1481 ss.
54 1412 243 1485 INCIPIT
269 1410 534 1485 PROLOGUS
561 1410 617 1483 IN
644 1411 905 1485 LIBELLUM
933 1413 1001 1484 DE
1029 1412 1178 1487 INSTI-

103 1518 327 1592 TUOIONE
355 1516 763 1590 HERVELDENSIS⁸
788 1512 1131 1592 amathusiam.

167 1694 266 1758 Iesu⁰
288 1693 480 1757 dormiente
504 1692 601 1756 navis
625 1693 843 1775 periclitatur
859 1694 1054 1758 aecclesiae.
1091 1694 1313 1778 Pugnabam.

55 1788 144 1847 nant
168 1784 260 1848 inter
282 1803 318 1846 se
341 1782 437 1846 venti
460 1782 498 1843 in
521 1781 608 1843 mari
631 1802 766 1865 magne,
792 1785 827 1846 et
848 1781 965 1845 nullus
981 1782 1107 1847 Daniel
1131 1783 1178 1846 in·
1189 1809 1248 1847 na».
1257 1808 1306 1856 aa

30 1874 205 1949 svenitur,
230 1872 290 1956 qui
305 1875 381 1935 oret
404 1892 466 1953 pro
482 1870 621 1953 populo·
653 1869 765 1933 Immo
784 1890 854 1933 non
870 1871 1025 1955 prevalet
1040 1871 1177 1950 Daniel,

56 1962 125 2024 nisi
149 1963 311 2025 adversus
335 1959 525 2043 principem
541 1958 723 2022 Persarum
748 1959 906 2042 precibus
926 1960 999 2023 eius
1022 1960 1179 2024 resisten-

56 2055 130 2114 tem
161 2049 389 2132 archangelus
420 2047 587 2131 prelietur
615 2045 766 2112 Gabriel.
813 2047 902 2111 Vere
932 2048 1071 2126 etenim,
1099 2069 1179 2113 vere

57 2140 180 2203 domus
205 2138 312 2202 Israel
343 2138 465 2201 domus
496 2140 549 2200 est
578 2137 820 2220 exasperatrix,
852 2139 888 2200 et
916 2137 1082 2219 iniquitas
1106 2126 1321 2230 eiusssfglsst

57 2249 185 2310 magna
217 2231 270 2291 est
304 2226 416 2288 nimis.
463 2225 599 2288 idcirco
633 2225 731 2289 dedit
765 2225 935 2288 Dominus
968 2229 1179 2324 potestatem

22 2337 48 2375 10
58 2336 215 2379 mucrom
238 2335 309 2391 suc,
334 2319 374 2377 ut
393 2314 499 2377 vadat
522 2314 567 2376 ad
588 2314 732 2376 datram
754 2311 1303 2395 siceadsiniatram,quca21,1a

58 2424 188 2483 curisque
216 2402 314 2482 saniei
344 2403 417 2467 eius
448 2407 493 2465 cal
522 2405 624 2482 uppetr
614 2400 686 2464 ilus.
733 2400 952 2485 Quapropter
973 2403 1179 2486 ingemiscat

58 2492 219 2557 Ezechiel
256 2496 292 2557 et
328 2491 534 2575 ingemiscat
570 2492 607 2553 in
645 2490 857 2555 contricione
891 2491 1102 2569 lumborum,
1141 2495 1288 2568 utana.

58 2603 129 2645 non
152 2582 261 2645 faciat
276 2581 446 2644 Dominus
470 2580 764 2644 consumationem
789 2578 908 2643 Israel.
944 2579 1049 2644 Dicat
1073 2581 1218 2648 etiamn
1228 2610 1259 2659 n,
1267 2608 1301 2648 nr.

58 2670 103 2733 ad
127 2670 314 2733 Dominum
339 2669 493 2752 angelus,
519 2669 578 2751 qni
601 2669 634 2732 lo
659 2668 788 2731 nitur
777 2690 815 2730 1n
834 2669 1016 2732 Zacharia:
1041 2667 1255 2736 Dominam.
1264 2699 1283 2745 1,
1292 2697 1327 2736 n.

13 2757 367 2868 thensaurorum,
391 2776 567 2837 aequeque
586 2760 619 2821 tu
657 2776 722 2820 noa
738 2754 935 2820 misereberis
954 2755 979 2818 I
980 2755 1180 2821 lernaea?

10 2829 26 2868 *⁸
27 2830 99 2911 ⁷'ut
130 2848 173 2911 ab
204 2846 337 2930 angelo,
370 2847 429 2928 qui
459 2850 530 2909 stat
557 2846 649 2910 inter
678 2846 828 2921 mirteta,
860 2848 1033 2910 mereatur
1059 2846 1218 2915 audire-a
1228 2875 1331 2923 1,10.18.

57 2937 164 3000 verba
187 2936 287 3013 bona,
312 2935 417 3000 verba
440 2935 680 2998 consolatoria.

170 3023 249 3105 err's
278 2988 367 3089 liubit
354 3022 493 3104 tcupilr'
522 3042 589 3086 areo
619 3042 736 3104 aquam
767 3028 796 3086 eb
783 3022 923 3087 bacalis
952 3021 1030 3086 racia
1060 3022 1227 3100 fornemra
1202 3045 1262 3094 a,
1271 3046 1291 3084 1.

58 3112 277 3192 lacrimarum,
302 3117 351 3190 ut,
378 3113 443 3177 etsi
462 3113 588 3176 deflere
611 3133 681 3176 non
704 3112 840 3176 sufficio
864 3112 956 3175 mala
978 3132 1066 3194 quae
1090 3113 1179 3174 fiunt

24 3203 95 3269 nin
111 3202 287 3279 aecclesia,
312 3203 451 3285 lugeam
467 3200 590 3265 saltem
608 3201 663 3265 die
687 3206 860 3283 noctuque
877 3201 983 3263 filiam
1000 3200 1309 3274 Babilonisamae.

57 3292 228 3368 miseram,
253 3294 399 3355 matrem
414 3290 547 3354 scilicet
563 3310 674 3354 meam
690 3289 924 3365 Herveldiam,
949 3289 1069 3352 multis
1084 3289 1180 3353 mise·

56 3380 118 3442 riis
150 3383 186 3444 et
216 3379 473 3443 calamitatibus
503 3378 610 3442 filiam
636 3378 848 3442 contusionis
871 3377 1026 3441 factam?
1072 3375 1180 3440 Cuius

58 3469 142 3532 dum
166 3469 387 3533 recordamur
409 3467 690 3551 pulchritudinis,
715 3467 813 3549 quasi
836 3486 940 3549 super
957 3465 1102 3528 flumina
1117 3465 1179 3529 Ba·
1190 3491 1219 3530 a.
1227 3492 1273 3529 ar.

57 3557 186 3621 bilonis
217 3558 374 3621 sedemus
405 3560 441 3621 et
470 3557 601 3633 flemus,
638 3557 739 3638 quod,
775 3558 817 3618 ut
846 3575 965 3619 rerum
995 3555 1178 3631 fateamur,

21 3650 204 3729 npeccata
237 3650 356 3709 nostra
390 3649 426 3709 et
459 3644 662 3727 iniquitates
697 3648 836 3727 patrum
871 3646 1067 3707 nostrorum
1103 3646 1316 3726 posinna.

57 3738 194 3798 tantam
224 3733 521 3818 pulchritudinem
551 3733 789 3798 confusionem
820 3733 852 3797 ei
875 3732 1059 3796 modernae
1083 3752 1180 3816 pepe

57 3824 169 3888 rerint
199 3824 366 3887 feditatis.
413 3822 582 3904 Denique,
614 3825 655 3884 ut
684 3825 764 3907 post
787 3821 949 3897 dicemus,
982 3822 1069 3885 haut
1093 3820 1180 3884 diffi-

58 3912 126 3978 cile
150 3916 203 3976 est
226 3913 332 3988 dictu,
358 3916 526 3995 quantum
551 3911 646 3974 brevi
669 3911 860 3975 adoleverit
884 3910 1027 3985 diviciis,
1053 3909 1180 3992 magni·

58 4002 192 4079 tudine,
217 4002 337 4085 gloria,
369 4023 447 4065 cum
470 4000 633 4083 precipue
657 3999 782 4063 studiis
805 3999 900 4064 beati
922 3998 1017 4061 Lulli
1040 3997 1180 4081 Mogon-

22 4086 243 4155 ntiacensisd
271 4088 529 4173 archiepiscopi,
554 4089 613 4171 qui
630 4088 662 4153 ei
678 4087 912 4152 aedificandae
936 4107 1075 4149 manum
1099 4085 1180 4149 inie-

60 4182 164 4256 cerat,
190 4184 264 4243 tum
288 4179 406 4244 favore
430 4198 470 4241 ac
493 4175 705 4241 liberalitate
721 4175 888 4240 nobilium
906 4175 1055 4237 virorum
1075 4177 1180 4255 atque

59 4354 82 4401 a)
97 4352 213 4392 Henveld.
227 4361 254 4400 c.,
268 4352 325 4402 quod
339 4351 418 4399 Lamp.
433 4360 543 4398 numam
556 4349 651 4398 πῆμα.
708 4348 731 4396 b)
746 4347 773 4386 de
787 4358 831 4397 quo
845 4353 952 4396 excerpta
966 4345 1061 4394 quedam
1075 4346 1117 4385 hec
1130 4347 1181 4384 snat

61 4405 114 4445 add.
129 4416 148 4445 c.
203 4407 224 4453 c)
237 4406 304 4445 ihesu
319 4415 336 4444 c.
392 4404 415 4452 d)
429 4404 531 4453 Nagour.
546 4414 564 4441 c.

1203 4634 1352 4734 Ρ
