2842 5026
291 453 494 510 affluam
512 453 733 510 INSTITUTIO
751 453 1048 510 HERVELDENSIS
1066 453 1169 511 ecch.
1241 459 1293 511 349

170 637 336 714 tuarium,
353 637 509 700 tabulam
526 658 661 720 quoque
678 637 798 701 altaris
815 638 1008 721 composuit
1019 637 1030 676 ¹
1042 634 1142 718 [elc.],
1161 637 1292 702 dicens:

169 724 321 803 Domine,
346 725 445 789 dilexi
467 727 607 790 decorem
630 727 740 788 datrae
762 731 834 788 luae
857 723 948 806 [etc]
975 731 1130 810 tempore
1154 725 1410 799 octonisaaa.

171 815 326 891 secundi,
358 812 430 895 [orti
454 813 662 878 Reticundue
685 810 874 894 ‹licebutur].
922 814 998 893 Quo
1021 819 1168 891 mortuo,
1197 813 1364 879 ouo-oea

168 924 252 968 nem
268 903 380 966 filium
395 903 536 985 reliquit
552 904 714 968 heredem
730 904 928 986 parvulum;
954 905 1010 967 cui
1029 908 1174 986 patruus
1190 903 1294 967 Hein-

147 992 286 1059 sricus⁸
313 1012 458 1075 regnum
482 992 665 1074 subripuit.
712 992 799 1056 Inde
824 992 994 1056 Ludolfus
1021 993 1131 1057 frater
1154 991 1294 1056 Ottonis

170 1081 266 1146 idem
289 1081 512 1164 attemptavit
522 1081 544 1142 ².
584 1080 653 1144 Sed
676 1081 883 1163 optimatum
908 1081 1017 1145 maior
1039 1082 1090 1144 vis
1114 1081 1293 1163 utriusque

170 1173 337 1234 conatum
374 1169 547 1252 repressit.
602 1169 721 1233 Abbas
759 1163 985 1245 Gozbertusl,
1024 1170 1106 1251 quia
1143 1169 1294 1233 Ludolfo

168 1258 357 1334 iuraverat,
378 1257 500 1322 Ottoni
518 1258 632 1322 iurare
652 1257 775 1321 noluit.
811 1258 964 1340 Ideoque
981 1259 1170 1333 discedens,
1191 1258 1364 1328 Rern-985.

170 1348 292 1410 harius
322 1368 364 1410 ex
394 1347 546 1411 eiusdem
578 1347 777 1410 monasterii
801 1347 975 1429 preposito
999 1347 1106 1410 abbas
1130 1347 1294 1411 successit

135 1463 161 1502 ιο
171 1436 364 1520 superstiti.
410 1436 508 1499 Idem
540 1435 682 1499 calicem
713 1456 876 1517 magnum
904 1456 982 1499 eum
1006 1435 1140 1498 duabus
1164 1435 1294 1499 ansulis

171 1545 214 1589 ex
250 1545 337 1607 puro
368 1545 461 1600 auro,
498 1524 627 1589 electro
660 1528 695 1588 et
726 1524 921 1606 margaritis
956 1525 1178 1607 comparavit.
1225 1524 1293 1587 Hic

171 1614 420 1676 monasterium
451 1613 518 1676 sibi
548 1613 742 1677 construxit
772 1613 927 1676 Mentem
958 1613 1077 1676 Sancti
1101 1613 1212 1690 Petri;
1244 1613 1293 1676 ibi
1306 1630 1382 1684 1003.

172 1722 252 1766 cum
288 1702 359 1765 suis
393 1701 563 1764 militibus
597 1702 751 1765 residens
785 1702 887 1765 rebus
922 1702 1123 1766 monasterii
1153 1702 1293 1785 profuse

172 1790 349 1865 utebatur,
380 1790 548 1854 fratribus
575 1789 719 1854 licentia
742 1790 906 1873 permissa
929 1790 995 1853 sibi
1018 1791 1156 1854 vivendi
1179 1791 1216 1853 in
1239 1791 1293 1855 de·
1304 1825 1324 1863 1,
1332 1769 1394 1863 αἶ’
1390 1824 1415 1862 11

138 1898 164 1939 is
172 1880 294 1944 terius.
341 1879 437 1942 Haec
467 1882 622 1961 tempore
646 1879 803 1943 Heinrici
830 1879 1047 1961 imperatoris
1070 1876 1217 1959 [eunclffi
1249 1880 1293 1943 ad

173 1988 277 2051 quem
302 1968 461 2032 effrenati
485 1968 645 2031 monachi
669 1972 790 2031 eontra
813 1968 975 2031 abbatem
999 1969 1178 2050 conquesti
1201 1971 1292 2031 sunt.

174 2056 243 2135 Qui
274 2057 416 2121 mittens
447 2057 490 2119 ad
521 2056 732 2120 Altahense⁰
765 2056 1012 2120 monasterium
1042 2057 1196 2121 eiusdem
1227 2056 1295 2120 loci

173 2145 295 2209 abbati
319 2144 528 2209 Godehardo
559 2145 730 2209 commisit
753 2140 1010 2209 Herveldense‘¹
1037 2145 1293 2222 monasterium,

173 2234 267 2316 quod
297 2237 415 2297 tamen
445 2255 515 2298 non
545 2234 752 2316 acceptavit,
784 2234 893 2297 donee
924 2233 1029 2316 paulo
1059 2238 1138 2317 post
1166 2234 1295 2297 obisset
1307 2240 1383 2295 1005.

140 2323 418 2387 aoBernhariusl.
453 2322 550 2386 Tunc
566 2323 751 2386 destructis
768 2322 864 2386 cellis
882 2322 1128 2405 proprietariis,
1151 2322 1296 2385 intravit

174 2411 363 2476 reformare
392 2411 429 2473 in
458 2411 612 2475 meliust
658 2410 817 2493 Regnum
841 2431 877 2475 se
900 2411 1072 2494 accepisse
1096 2411 1194 2487 dixit,
1225 2431 1295 2474 non

175 2500 438 2577 monasterium
471 2500 619 2581 ideoque
648 2499 798 2582 plurima
828 2500 982 2582 preciosa
1013 2500 1109 2564 dedit
1141 2500 1294 2583 pauperi·

175 2588 251 2652 bus.
287 2588 402 2653 Stolos
425 2609 546 2652 aureas
569 2589 736 2652 ducentas
753 2587 915 2652 conflavit
939 2589 1147 2671 perignem,
1173 2609 1294 2651 aurum

174 2677 385 2761 pauperibus
401 2677 589 2740 distribuit.
629 2676 867 2751 Godehardus,
891 2680 1028 2741 mortuo
1044 2678 1205 2760 episcopo
1221 2677 1294 2739 Hil·
1305 2687 1382 2739 1022.

135 2765 395 2842 adesemensi5,
420 2766 550 2830 ibidem
573 2766 753 2849 episcopus
777 2766 984 2829 instituitur.
1020 2765 1192 2830 Successit
1210 2765 1294 2830 Her-

173 2990 311 3085 splpllurlcuhs
321 2991 449 3082 plmmque
462 3001 490 3040 a,
504 2989 689 3030 cemelhenrlouc.
730 2990 754 3039 b)
768 2990 917 3031 Gosbertusc.
960 2990 981 3041 c)
995 2991 1154 3030 slthshensec.
1196 2989 1219 3040 d)
1233 2990 1294 3029 hers-

173 3055 189 3082 v
229 3054 281 3083 ense
311 3055 376 3084 ..a

175 3221 202 3286 1)
220 3222 362 3288 Huotcsquc
385 3223 520 3287 inlepmm
544 3227 644 3274 lectum
671 3221 752 3274 libelli
776 3221 921 3273 monachus
942 3221 1171 3274 Homeraletensla
1194 3221 1296 3274 deduce

173 3293 287 3359 videtur,
314 3291 411 3344 obtine
430 3295 484 3344 lom
499 3309 590 3358 pauca
608 3295 745 3358 excerpsit.
826 3296 854 3359 2)
872 3293 1007 3357 Ludolfua
1024 3293 1115 3356 frater
1135 3293 1237 3344 &mula
1254 3292 1293 3347 II.

136 3365 230 3416 oolam
254 3379 281 3418 o.
299 3365 359 3418 957.
384 3363 456 3417 obiit.
495 3363 553 3416 Ollo
576 3363 632 3419 III.
657 3365 763 3415 nullum
789 3363 882 3415 tabell
907 3365 1030 3428 fratrea.
1073 3363 1132 3426 Qua
1156 3365 1188 3414 dc
1212 3379 1295 3414 cauea

175 3435 320 3486 calatus
347 3434 482 3487 abbatiam
509 3452 535 3488 a.
555 3437 616 3490 985.
644 3437 776 3486 dimiserit
803 3435 851 3498 (cs.
879 3451 966 3502 cumo
989 3451 1019 3501 p.
1041 3437 1099 3499 46),
1128 3437 1294 3500 lyaoramus.

173 3508 203 3571 3)
220 3506 263 3567 Cf.
284 3505 427 3569 Wolfterii
442 3507 495 3559 Vll.
516 3506 671 3558 Godetordl
685 3512 754 3573 poet.
772 3521 793 3558 c.
804 3508 829 3570 7,
855 3504 903 3558 SS.
917 3505 971 3570 XI,
995 3522 1024 3571 p.
1037 3508 1090 3560 ‘200
1101 3521 1150 3573 eq,
1176 3508 1225 3572 qul
1241 3521 1294 3558 non

175 3576 366 3628 Godebordum
385 3576 519 3628 attelabus
537 3578 654 3628 oblatum
672 3579 811 3643 respuisse,
832 3577 877 3628 aed
894 3592 981 3642 recem
1000 3576 1136 3629 monocttb
1153 3577 1185 3629 dc
1202 3577 1295 3628 abac

173 3663 222 3699 auo
238 3648 455 3714 mamardus
468 3664 522 3700 non
534 3648 680 3700 mauram
692 3664 746 3700 cecc
757 3647 829 3702 deu.
882 3648 912 3713 4)
929 3648 972 3712 Os.
988 3648 1135 3711 Wolfberll
1147 3648 1199 3699 Vc.
1211 3648 1295 3699 (lode-

138 3718 259 3771 totorda'
272 3720 361 3786 prior.
379 3735 401 3774 c.
423 3722 464 3784 13,
491 3719 539 3773 SS.
558 3718 612 3785 XI,
634 3737 663 3787 p.
683 3722 734 3774 177
747 3735 804 3786 oq.,·
826 3723 895 3786 poct.
919 3735 940 3773 o.
961 3721 987 3782 7,
1013 3720 1030 3774 l.
1051 3720 1070 3773 l.
1106 3720 1207 3782 Nescio,
1225 3719 1295 3770 unde

173 3792 293 3855 merit,
320 3796 350 3840 ut
374 3792 446 3842 luter
463 3792 594 3856 imoyinee
618 3790 743 3842 attalum
761 3790 991 3854 Heretbldenelum
1014 3792 1044 3841 ln
1068 3791 1175 3842 castello
1193 3789 1294 3840 Euhan

168 3862 309 3927 pictarum
323 3867 384 3927 poet
396 3862 581 3913 meorium
599 3861 745 3927 Libentius,
765 3863 815 3927 qul
827 3868 919 3929 posteo
937 3861 1151 3926 archiepiscopio
1163 3861 1295 3912 Hammo·

173 3930 314 3997 corpedo
327 3933 390 3997 full,
410 3933 528 3999 depictus
539 3939 611 3997 esea,
631 3932 675 3984 tie
687 3933 805 3984 coraibus
817 3932 982 3998 subscriptio,
1001 3948 1070 3998 quae
1081 3932 1165 3983 edidit
1176 3931 1294 3982 Wlnlccl·

173 4018 265 4066 moun,
289 4004 445 4065 ‘Warlcuslc
465 4003 661 4069 Beectrelbunq
685 4005 733 4055 der
757 4003 983 4056 Filreturtlnlmcr
1007 4002 1107 4054 Hersen
1132 4002 1188 4053 aad
1210 4001 1294 4053 Here·

137 4073 242 4136 toseld'
261 4075 388 4138 (Bremcn
408 4076 491 4139 1697)
505 4091 535 4141 p.
548 4077 617 4129 260:

333 4143 400 4197 Post
418 4144 490 4198 hunc
508 4148 616 4212 sceptra
634 4144 708 4213 capit
725 4144 827 4213 pietate
844 4141 998 4197 Lubentius
1017 4158 1111 4196 omues

386 4214 465 4268 Inter
483 4215 641 4284 conspicuos
659 4232 710 4269 nec
728 4215 861 4285 pavium
878 4214 977 4269 minor.

333 4283 422 4354 Quem
440 4285 550 4354 Brema,
568 4286 684 4340 literulis
702 4290 846 4355 postquam
864 4285 981 4352 polleret
999 4287 1027 4338 et
1045 4286 1112 4353 arte,

385 4356 523 4410 Praesulis
540 4374 599 4413 esse
616 4359 678 4412 loco
696 4358 793 4425 iusque
811 4356 901 4410 subire
919 4355 1005 4410 iubet.

138 4427 200 4495 455)
224 4427 399 4481 Bmewordo.
