2842 5026
364 435 565 491 LAMPERTI
583 436 772 491 ANNALES.
809 439 845 491 A.
866 440 942 493 1066.
1160 439 1209 492 101

85 618 322 700 principatum
340 618 559 683 consiliorum
583 623 618 683 et
633 619 882 683 familiaritatis
905 621 977 702 ipse
994 619 1059 683 sibi
1079 619 1209 701 aliquid
1223 627 1298 681 1065.

83 707 329 771 imminuereta
368 708 411 771 de
445 708 587 790 fastigio
618 711 802 790 usurpatae
833 708 1094 791 singularitatis.
1142 707 1209 771 Sed

85 816 155 859 nou
188 794 283 858 ultra
318 795 423 858 laturi
457 796 618 858 iniuriam
654 797 861 860 videbantur
895 797 1066 879 principes
1100 797 1208 879 regni.

85 884 350 967 Archiepiscopi
373 877 617 966 Mogontinusb
645 888 681 948 et
705 883 918 948 Coloniensis
949 906 1025 948 curn
1054 885 1208 960 caeteris,

61 972 213 1053 aquibus
230 976 351 1035 curae⁰
373 976 447 1035 erat
471 973 689 1054 respublica,
715 973 834 1037 crebra
850 973 1090 1037 conventicula
1108 973 1209 1037 facic-

86 1060 172 1123 bant
204 1064 309 1143 atque
339 1081 457 1124 omnes
487 1061 738 1137 incommune,
770 1061 852 1143 quid
880 1063 975 1125 facto
998 1082 1084 1144 opus
1109 1065 1207 1136 esset,

84 1149 267 1213 consulere
297 1149 506 1232 rogitabant.
561 1150 651 1213 Dein
686 1151 753 1213 iam
789 1150 909 1212 adulta
944 1151 1206 1233 conspiratione,

84 1237 178 1300 diem
210 1237 381 1319 generalis
413 1238 574 1321 colloquii
606 1238 765 1301 omnibus
788 1238 942 1302 indixere
966 1239 1064 1321 regni
1088 1239 1208 1320 princi-

86 1325 204 1407 pibus,
239 1330 278 1388 ut
301 1325 494 1389 Triburiam
525 1327 768 1391 convenientes
797 1326 1012 1391 Premensem
1044 1327 1207 1409 archiepi-

49 1434 239 1497 mscopum,
265 1435 480 1478 communem
497 1415 650 1478 omnium
667 1416 810 1491 hostem,
836 1415 1074 1478 communibus
1091 1436 1208 1479 omnes

84 1503 212 1565 studiis
243 1508 484 1586 oppugnarent
514 1504 654 1587 regique
682 1504 932 1567 denunciarent
962 1509 1022 1566 aut
1047 1523 1152 1585 regno
1176 1504 1206 1567 ei

83 1592 280 1655 cedendum
304 1586 398 1655 esse‘l
425 1596 486 1654 aut
510 1592 748 1656 familiaritate
777 1595 812 1656 et
836 1592 992 1655 amicicia
1015 1592 1207 1656 Premensis

82 1680 337 1763 archiepiscopi
360 1680 630 1764 defungendum.

193 1767 333 1832 Perlato
358 1767 572 1833 Goslariam¹
596 1768 721 1832 atrocis
745 1769 795 1832 rei
818 1769 954 1843 nuncio,
985 1789 1044 1832 rex
1075 1769 1119 1831 ad
1143 1773 1291 1833 sta-(uec.)

45 1859 200 1919 atutam
218 1857 309 1920 diem
329 1858 484 1920 concitus
509 1858 725 1940 properabat.
763 1856 848 1920 Oum
865 1877 933 1938 quo
949 1860 985 1920 et
998 1857 1201 1920 Wernheri⁰

82 1965 200 2008 comes
224 1945 364 2009 veniens
387 1946 424 2008 in
447 1946 565 2008 villam
590 1945 836 2027 Ingilneheim,
869 1945 966 2008 cuius
990 1966 1068 2028 pars
1092 1945 1208 2028 aliqua

81 2033 128 2095 ad
162 2038 318 2097 nostrum
349 2054 483 2116 quoque
515 2035 760 2097 monasterium
796 2034 960 2116 pertinet,
993 2033 1206 2116 hospitatum

81 2121 229 2185 divertit
240 2123 261 2183 ².
308 2121 377 2185 Ubi
401 2123 482 2185 dum
507 2123 635 2186 milites
659 2123 732 2186 eius
762 2122 805 2185 ab
836 2122 958 2185 incolis
986 2123 1108 2205 predas
1132 2143 1206 2204 age-

82 2214 181 2284 rent,
214 2215 249 2274 et
272 2211 326 2273 illi
356 2211 400 2274 ad
424 2232 519 2274 arma
542 2211 797 2274 conclamantes
820 2231 925 2273 manu
948 2203 1144 2273 vindicaref
1171 2231 1206 2274 se

35 2298 290 2373 minterentur,
316 2303 414 2362 atrox
438 2320 554 2382 pugna
577 2303 695 2363 coorta
718 2303 780 2363 est.
828 2300 871 2361 In
895 2319 962 2380 qna
985 2298 1067 2360 dum
1087 2299 1206 2362 Wern-

81 2387 182 2450 heri⁰
204 2408 316 2451 comes
337 2388 381 2450 ad
397 2388 601 2451 ferendumss
620 2388 690 2450 suis
706 2408 806 2470 opem
826 2388 972 2470 impigre
989 2387 1205 2463 discurreret,

81 2496 104 2536 a
130 2476 279 2557 quodam
311 2476 419 2539 nostri
449 2476 650 2540 monasterii
673 2476 837 2539 vilissimo
869 2476 1040 2558 mancipio
1063 2475 1134 2551 vel,
1166 2479 1206 2538 ut

81 2562 148 2625 alii
171 2564 298 2640 ferunt,
324 2585 344 2626 a
367 2565 498 2628 femina
521 2565 697 2628 saltatrice
713 2564 810 2627 clava
834 2584 1014 2646 percussus
1036 2564 1206 2646 incapite

81 2653 217 2715 corruit
247 2657 351 2734 atque
381 2653 425 2715 ad
455 2673 571 2735 regem
601 2653 784 2716 semivivus
807 2656 859 2716 est
886 2655 1092 2734 reportatus.
1139 2653 1205 2714 Ad-

33 2741 239 2804 „monitus
262 2741 306 2804 ab
329 2741 511 2823 episcopis,
544 2742 603 2824 qui
627 2745 802 2824 presentes
830 2744 944 2815 erant,
976 2744 1016 2802 ut
1047 2761 1108 2822 pro
1132 2760 1206 2823 pec·

81 2829 175 2891 catis
198 2829 267 2891 suis
292 2829 366 2892 Deo
396 2830 433 2892 in
457 2833 609 2894 extremo
636 2830 705 2892 iam
729 2830 852 2912 spiritu
877 2829 1087 2892 constitutus
1111 2830 1205 2891 satis·

80 2918 218 2981 faceret
234 2938 336 2999 seque
353 2917 640 2981 Herveldeusium
657 2918 902 2981 monachorum
923 2917 1080 2999 precibus
1104 2917 1206 2981 iuter-

81 3009 241 3089 emptum
272 3027 519 3089 recognoscens
549 3006 667 3069 villam
698 2998 904 3082 Kirhbercl,
940 3026 1043 3097 quam
1078 3006 1205 3069 iniuste

80 3094 268 3167 invaserat,
300 3095 475 3170 redderet,
506 3095 604 3157 nullo
635 3094 736 3158 modo
764 3094 973 3177 acquievis,
1006 3094 1115 3157 donec
1139 3094 1205 3176 epi-

39 3183 181 3264 aoscopi
206 3203 373 3247 consensu
396 3183 491 3246 facto
515 3183 759 3247 minitarentur
789 3203 824 3246 se
848 3183 880 3246 ei
904 3203 1034 3245 sacram
1059 3203 1205 3247 commu·

80 3271 223 3334 irionem
252 3271 412 3335 morienti
443 3293 512 3334 non
543 3271 700 3345 daturos,
732 3272 798 3333 nisi
829 3271 923 3354 prius
954 3271 1044 3332 tanti
1072 3270 1205 3352 peccati

82 3359 236 3441 pondere
260 3380 296 3423 se
319 3364 546 3424 exonerasset.
586 3359 642 3423 Sic
667 3360 806 3423 taudem
824 3360 953 3442 pudore
977 3358 1086 3440 magis
1102 3378 1205 3440 quam

82 3447 252 3530 religione
276 3449 387 3511 rictus
411 3448 572 3524 reddidit,
597 3448 783 3530 statimque
807 3448 879 3510 rita
902 3446 1057 3510 excessit.

193 3536 334 3599 Statuta
350 3536 428 3600 die³
450 3536 560 3599 tristis
583 3536 619 3599 in
636 3557 751 3620 regem
767 3536 918 3599 omnium
943 3534 1070 3610 vultus,
1095 3535 1205 3597 tristis
1214 3533 1293 3651 3231}

43 3720 108 3772 ὅδε)
126 3725 249 3764 immineret
264 3725 327 3776 31⁸3
350 3726 479 3765 imminuere
494 3722 554 3764 Blb.
636 3726 659 3775 b)
679 3726 820 3775 linguntlnus
838 3725 859 3763 h.
875 3726 889 3763 1.
911 3725 969 3763 111⁸.
1051 3724 1072 3773 c)
1090 3735 1143 3763 cura
1157 3725 1204 3764 ΒΞ.

83 3778 107 3823 d]
128 3784 185 3818 emat
200 3777 260 3817 Blb.
342 3779 364 3828 e)
384 3779 507 3818 Werenher
521 3780 568 3817 Ar.
650 3778 668 3827 r)
688 3791 711 3817 se
731 3778 789 3817 vlnd.
809 3777 869 3817 Blb.
883 3781 902 3816 2.
984 3777 1008 3827 g)
1031 3777 1142 3817 ferendam
1157 3779 1204 3817 Al.

83 3832 108 3875 h)
123 3832 249 3881 liirchberg
263 3832 309 3871 111.
318 3832 338 3871 2.
394 3832 410 3882 i)
424 3843 472 3880 acq.
489 3831 546 3871 81⁸.
557 3831 577 3872 2.

85 3977 111 4037 1)
127 3974 212 4025 Immo
225 3974 369 4037 Carteiam,
389 3979 417 4023 at
432 3974 601 4040 probabilius
612 3980 664 4033 ast,-
681 3974 715 4036 cf.
726 3989 755 4038 p.
771 3976 829 4034 100,
844 3989 870 4025 n.
883 3976 909 4026 3.
938 3971 989 4023 Sed
1000 3973 1090 4038 potiar
1102 3973 1205 4023 dearum

84 4047 113 4095 in
131 4046 261 4110 colloquio
283 4045 452 4096 Tribum'enri
468 4061 518 4096 rex
539 4050 563 4095 ct
582 4044 794 4111 archiepiscopus
811 4044 880 4094 hunc
898 4044 1117 4109 commotionem
1137 4058 1205 4093 ront-

44 4116 504 4237 mtltatlw
516 4115 611 4236 tt
624 4113 1205 4247 dimittam

83 4261 111 4315 2)
139 4257 177 4308 De
203 4265 328 4324 tempore,
354 4273 405 4323 quo
429 4257 492 4307 hacc
518 4259 590 4320 focio
615 4258 682 4319 sint,
709 4257 780 4320 falco
805 4272 822 4304 α
842 4255 984 4322 Lornpmo
1008 4201 1124 4305 iudidio
1149 4226 1206 4305 cide

84 4329 192 4389 Kilian,
214 4328 344 4380 ‘Itincrar
357 4327 503 4379 Heinricha
520 4328 581 4380 11'!
598 4344 625 4395 p.
638 4330 674 4382 35
685 4343 740 4393 aa:
766 4327 857 4391 Meyer
874 4343 896 4378 c.
917 4324 1033 4377 Knmrou
1054 4326 1076 4390 I,
1101 4342 1128 4391 p.
1142 4326 1203 4390 484,

83 4416 109 4453 n.
126 4401 186 4453 176.
242 4402 270 4463 3)
286 4397 352 4450 Post
370 4397 480 4451 octabas
498 4397 659 4465 epiphaniae
678 4398 751 4459 (Ian.
772 4399 819 4456 13)
837 4404 898 4449 teate
917 4397 1026 4449 Annona
1044 4398 1073 4446 in
1091 4397 1203 4463 epistola
