2842 5026
504 453 726 510 PRAEFATIO
746 453 776 511 C.
789 453 829 510 11.
1142 453 1227 508 XXV

103 639 168 702 riri
184 638 281 701 diota
304 658 522 721 excerperem
546 641 582 702 et
605 658 646 702 ea
669 640 767 721 quasi
783 639 928 703 disiecta
945 637 1108 702 historiae
1125 659 1226 703 mem-

103 728 165 791 bra
188 728 225 789 in
248 727 354 790 unius
379 726 490 790 libelli
513 727 756 810 corpusculum
779 748 1010 810 congererem.
1049 725 1094 789 Et
1116 747 1227 791 resera

102 837 140 879 er
170 813 353 878 Willibaidi
390 819 419 878 et
452 813 601 878 Otldoni¹
632 814 714 879 Vitis
752 815 785 879 S.
814 814 979 894 Bonifatii
1012 820 1041 877 et
1071 814 1226 880 Passione

103 904 137 968 S.
151 902 319 983 Bonifatii
342 908 468 967 anctore
491 903 643 968 canonico
660 903 693 968 S.
711 903 846 967 Victoris
861 903 1081 984 Meminerat,
1106 902 1227 984 Eipilis

80 992 184 1055 sl'ita
216 990 340 1056 Sturmi
370 990 494 1055 abbatis
523 991 730 1071 Frddensis³,
767 992 918 1070 Ruodold
948 990 1122 1056 Fuldensis
1153 991 1193 1056 Vi
1201 1015 1227 1057 a

103 1081 227 1144 Lectae
235 1082 257 1160 ⁴,
282 1086 452 1161 praeterea
474 1099 547 1144 aero
570 1079 665 1143 etiam
692 1101 730 1144 ea
753 1080 840 1162 Lupi
870 1080 945 1145 Vita
974 1079 1128 1161 Wipberti
1151 1081 1226 1145 Fri-

101 1168 328 1248 tislariensis5,
359 1188 455 1249 quam
484 1167 602 1248 omisit,
634 1168 756 1250 collepit
783 1190 863 1249 qnae
893 1171 930 1233 de
960 1169 1055 1234 India
1085 1168 1225 1251 episeopo

101 1258 137 1321 in
167 1257 212 1321 iis
241 1256 363 1321 hadita
392 1263 495 1321 erant.
541 1256 666 1321 Rerera
695 1257 790 1321 etiam
821 1259 882 1322 diro
912 1258 1021 1322 saltem
1052 1257 1226 1338 diplomata

101 1345 225 1410 Karoli
240 1344 361 1427 Mapni
376 1344 552 1425 nectatur,
576 1366 710 1426 quorsum
731 1367 831 1410 annm
846 1346 942 1410 etiam
958 1345 1072 1411 diserte
1087 1346 1192 1410 attulit
1203 1348 1223 1410 ⁷.

64 1436 168 1499 nSed
198 1435 264 1498 iam
293 1434 330 1498 in
359 1433 410 1497 iiis
440 1435 646 1516 Lamperturn
676 1434 935 1515 deprehendimus
969 1434 1126 1498 hancinem
1160 1457 1224 1500 non

99 1524 207 1588 dicam
230 1522 338 1587 minus
359 1543 510 1603 veracem,
541 1521 649 1587 minas
677 1521 821 1587 ueritatis
850 1530 1018 1604 amantem,
1050 1526 1105 1588 sed
1128 1522 1224 1605 impa-

99 1615 212 1676 denter
234 1610 442 1675 mentientem.
494 1611 580 1675 Ante
603 1632 640 1674 ea
662 1613 766 1691 rerba,
797 1633 878 1692 qnae
900 1614 991 1676 modo
1014 1611 1116 1692 nitidi,
1141 1618 1224 1693 post·

99 1722 198 1781 quam
225 1699 309 1764 dixit
335 1721 368 1763 se
391 1699 549 1764 conseirmr
571 1698 633 1764 sibi
655 1721 775 1764 essese
798 1700 955 1765 invidiam
984 1701 1046 1764 silri
1072 1703 1224 1779 sorciatu-

99 1811 173 1853 rmn
206 1785 448 1867 (monachorum
470 1787 697 1872 Fuldensiam)
728 1788 779 1853 iris
808 1810 888 1870 artae
918 1789 954 1853 in
985 1790 1111 1853 laudern·
1134 1790 1225 1854 Latii

63 1876 326 1959 reccniposuerit:
343 1877 438 1941 Illud
451 1881 599 1952 tantum,
616 1877 672 1958 ait,
689 1879 755 1943 sibi
771 1900 792 1941 a
808 1899 862 1943 me
878 1899 1079 1962 responsum
1097 1879 1224 1943 habeat

100 1968 242 2050 iniquus
265 1966 325 2030 ille
349 1967 555 2048 quicumque
579 1970 632 2031 est
656 1967 917 2051 calumpniator,
943 1988 997 2031 me
1017 1988 1086 2030 non
1102 1969 1223 2031 rudem

100 2057 228 2120 cudere
252 2056 442 2129 materiam,
474 2056 534 2119 sed
564 2056 600 2117 in
631 2077 698 2137 qua
728 2060 763 2120 et
792 2056 852 2119 alii
875 2056 1059 2140 scriptores
1083 2057 1151 2119 iam
1175 2057 1223 2118 in·

100 2146 204 2228 genia
227 2165 290 2208 sua
313 2144 533 2216 detriverint3
564 2144 755 2227 malignum
779 2166 833 2209 me
856 2145 963 2209 fuisse
986 2146 1221 2228 interpretem,

100 2235 130 2296 si
161 2233 246 2316 quid
276 2233 319 2297 ab
350 2231 428 2295 aliis
458 2233 684 2315 scriptoribus
715 2233 892 2307 traditum,
924 2234 1015 2316 quod
1046 2234 1148 2297 modo
1179 2235 1222 2297 ad

61 2343 173 2387 sorem
197 2322 358 2398 attineat,
383 2341 447 2403 ego
471 2325 532 2384 aut
556 2321 635 2384 odio
659 2326 773 2385 motus
790 2326 852 2385 aut
868 2323 980 2404 gratia
996 2322 1134 2386 silentio
1151 2344 1222 2406 pre-

102 2517 128 2578 1)
148 2513 222 2563 Licet
247 2529 305 2562 eum
331 2526 384 2563 ncn
409 2513 537 2577 citaverit,
565 2519 653 2563 tamen
678 2512 811 2563 nonnulla
834 2514 950 2578 scripsit,
977 2528 1045 2577 quae
1063 2515 1172 2563 amnui
1189 2530 1222 2564 en

101 2584 214 2636 Othlcni
227 2585 287 2634 Vita
301 2584 329 2637 S.
340 2582 477 2647 Bonifatii
492 2599 595 2634 siemera
611 2586 708 2648 potuit,
727 2591 757 2633 nt
775 2599 794 2636 c.
806 2586 830 2637 2.
844 2599 911 2650 qnae
929 2583 960 2633 de
974 2584 1102 2648 Ounihitt,
1123 2591 1221 2636 irrater-

99 2663 159 2707 tera
176 2655 262 2718 Lulli,
287 2654 358 2707 dicit.
402 2654 493 2705 Facile
517 2654 674 2704 crediderim
698 2654 841 2705 Fuldensis
866 2655 1024 2717 fundatoris
1050 2655 1110 2705 Vita
1136 2672 1222 2724 nuper

98 2729 250 2793 conscripta
270 2724 410 2776 monachos
428 2725 635 2790 Hersfeutmses,
662 2725 778 2776 carratas
796 2725 938 2777 Fuldmsis
963 2726 1072 2790 pieriae,
1099 2729 1222 2779 incitatos

60 2809 161 2863 ncesse,
186 2804 217 2847 ut
236 2803 259 2847 et
276 2797 322 2846 sui
339 2796 495 2860 fundatoris
514 2796 576 2846 Vita
594 2802 799 2862 componeretur,
819 2799 980 2862 pmaesertim
999 2813 1057 2848 curn
1078 2798 1223 2851 Fuidcnses

98 2870 132 2918 de
149 2868 232 2918 Lutto
249 2869 359 2918 nonnmi
376 2867 450 2917 mala
469 2867 645 2932 imitarentur.
682 2867 726 2917 Ita
750 2870 828 2918 etiam
847 2867 1021 2933 Lampertnm
1046 2869 1083 2918 ad
1107 2873 1222 2920 emneri-

99 2939 211 2990 bendam
231 2939 373 2990 himerium
391 2938 603 3000 Hersfeldensem
623 2937 744 3005 perpulit
762 2938 834 2990 laets
854 2938 993 2990 cuiusdam
1013 2937 1156 2991 Fnldensis
1176 2941 1221 2992 ab·

97 3009 171 3061 batis
190 3007 304 3060 historia
322 3010 414 3074 (infra
428 3026 457 3074 p.
472 3011 533 3074 345,
555 3010 571 3061 l.
585 3012 677 3073 4-8).
732 3009 760 3077 2)
781 3011 952 3075 Lamperinm
973 3012 1052 3061 etiam
1071 3010 1147 3073 hanc,
1168 3013 1222 3063 edi·

98 3087 156 3131 tam
176 3080 225 3133 SS.
239 3080 278 3144 ΙΙ,
295 3096 324 3146 p.
338 3083 390 3135 353
403 3097 467 3146 sqq,
495 3080 587 3146 leprsse
605 3096 657 3131 non
676 3088 745 3131 certo
763 3083 860 3132 certitas
878 3082 953 3146 apud
971 3097 1010 3131 me
1027 3088 1136 3145 canstat,
1164 3085 1222 3136 ticet

58 3155 154 3203 sosine
180 3167 248 3218 quae
273 3151 319 3202 noc
344 3152 483 3203 suadeant.
527 3151 569 3214 Cf.
589 3152 667 3214 infra
686 3169 716 3217 p.
729 3154 791 3213 313,
810 3168 836 3205 n.
851 3155 876 3205 3.
902 3155 964 3214 315,
983 3155 1048 3205 an.
1076 3155 1135 3217 320,
1155 3158 1220 3209 rai).

97 3225 162 3287 322,
183 3238 210 3275 a.
226 3227 250 3276 1.
294 3222 424 3288 Pleraque
448 3237 508 3273 vero
533 3237 601 3288 quae
626 3222 665 3272 ibi
689 3223 813 3289 lepuntur·
831 3240 864 3273 en
884 3222 992 3273 ornam
1013 3223 1100 3273 libello
1123 3224 1222 3276 discere

95 3296 196 3360 potuit.
263 3296 291 3358 3)
304 3293 353 3347 SS.
366 3293 406 3357 II,
422 3310 452 3358 p.
465 3295 582 3359 366sqq.
646 3296 674 3359 4)
688 3293 779 3347 SSX
785 3294 814 3355 Υ,
831 3297 854 3355 1,
870 3310 899 3358 p.
914 3296 1063 3347 113-131.
1128 3298 1154 3360 ὁ)
1172 3296 1220 3349 SS.

99 3364 130 3414 X
138 3365 167 3427 Υ,
189 3367 217 3429 1,
241 3381 271 3430 p.
291 3366 408 3418 36-43.
503 3366 530 3430 6)
558 3364 599 3428 Cf.
626 3366 705 3428 infra
726 3382 756 3430 p.
777 3367 841 3427 3⁶29,
867 3382 894 3417 n.
916 3367 939 3417 l.
968 3366 1034 3427 332,
1060 3381 1086 3417 n.
1108 3369 1131 3418 1.
1151 3369 1175 3420 3.
1195 3369 1220 3421 4.

99 3436 128 3495 7)
145 3435 239 3486 Etiam
258 3437 402 3499 repistrum
420 3435 593 3501 praediorum
612 3436 681 3501 qnod
699 3441 807 3485 cecatur
827 3436 999 3486 Brceiarium
1018 3435 1045 3487 S.
1056 3435 1135 3486 Latii
1153 3437 1220 3502 lepit.

58 3518 89 3556 ³5
100 3506 238 3572 Epictetus
251 3505 331 3556 Latii
347 3511 370 3557 et
389 3505 425 3556 ad
443 3521 501 3556 eum
520 3505 599 3557 datas
616 3521 670 3556 nori
689 3506 757 3571 tepit,
776 3522 808 3556 ne
826 3507 928 3571 quidem
943 3511 1048 3557 camare
1059 3510 1139 3562 norit.
1169 3508 1221 3559 Ne-

100 3593 151 3643 que
175 3579 255 3627 etiam
276 3576 450 3642 Mepinlrardi
467 3577 609 3627 Fuldensis
633 3577 748 3629 libellum
773 3577 804 3626 ds
827 3577 855 3630 S.
873 3578 999 3628 Ferrutic
1024 3595 1069 3629 nec
1095 3579 1221 3630 Wandal-

101 3649 170 3698 terti
194 3648 331 3698 Miracula
357 3648 384 3701 S.
404 3649 513 3713 Goaris,
540 3648 635 3713 quibus
657 3665 745 3715 pauca
771 3649 802 3698 de
827 3648 903 3698 Latii
927 3648 1005 3700 rebus
1028 3653 1108 3713 pestes
1133 3652 1220 3702 relata

101 3725 188 3782 erant,
214 3735 296 3784 neque
320 3719 485 3784 epitaphium
504 3718 586 3782 Ludi,
614 3721 694 3782 infra
716 3737 745 3785 p.
761 3722 821 3774 355.
841 3720 947 3781 cditrrrn,
967 3720 1097 3774 adtribuat.
1119 3752 1149 3759 —
1170 3723 1221 3774 Ite-

99 3790 233 3856 fallendus
245 3796 282 3840 est
299 3790 404 3854 ll'encic,
424 3789 509 3842 ‘Hess¹
520 3790 720 3855 landemarii)
734 3791 772 3855 ΙΙ,
791 3810 818 3858 p.
831 3792 893 3845 289.
906 3793 968 3855 291,
988 3793 1036 3856 qui
1047 3791 1220 3857 Lamperturn

59 3874 89 3912 ιο
100 3862 237 3926 obturant,
257 3860 328 3927 quod
345 3876 413 3927 quae
430 3863 459 3911 in
478 3861 587 3912 archivo
607 3862 790 3924 Hersfeldensi
807 3861 1008 3913 cordincbnntur
1026 3878 1078 3913 non
1097 3865 1220 3914 considu-

98 3934 150 3982 erit
176 3932 283 3997 ideoque
307 3934 388 3983 initia
407 3931 602 3994 Hersseidensis
621 3933 735 3983 coenobii
757 3934 823 3983 reale
841 3938 973 3998 cmnpcrta
999 3932 1134 3997 habereiit,
1162 3952 1219 3984 ctum

98 4002 286 4065 fundationem
299 4005 356 4054 eius
373 4020 399 4056 a.
414 4005 474 4057 736.
494 4019 527 4054 ex
539 4003 684 4055 annalibus
702 4006 822 4070 ‹entiquis
840 4004 1020 4068 adscripserit.
1052 4005 1133 4055 Hunc
1151 4009 1218 4056 enim

98 4090 202 4124 annum
215 4074 387 4136 fundationis
399 4073 598 4137 Hersseldcnses
616 4075 733 4126 cmisrrlto
752 4092 782 4125 ac
800 4077 861 4125 scite
880 4091 913 4125 ea
932 4075 992 4124 l'ita
1006 4074 1112 4125 Sturmi
1125 4093 1220 4141 posue-

98 4151 178 4209 runt,
207 4144 254 4194 ubi
277 4161 297 4199 c.
318 4147 359 4199 13.
381 4148 421 4199 ll.
448 4144 561 4195 relatum
579 4152 617 4195 est
637 4145 775 4196 Stnrrman
798 4163 824 4199 a.
839 4148 898 4199 744.
920 4152 942 4194 et
962 4161 1029 4196 nono
1050 4153 1110 4211 post
1129 4148 1219 4197 retiam

61 4215 269 4279 &Hersfeldiae
290 4222 467 4267 constrrcctam
486 4231 556 4267 anno
574 4216 692 4266 Fuldam
716 4220 853 4282 miprasse.
892 4216 988 4267 catam
1008 4216 1220 4280 Hersseldensem

99 4289 188 4351 ἰθεῖαν
209 4304 235 4339 a.
250 4289 311 4340 736.
330 4289 435 4338 circiter
458 4288 614 4350 aedificarit,
638 4304 719 4352 qaam
743 4304 799 4339 rem
825 4289 934 4338 initimn
952 4287 1067 4338 comobii
1090 4291 1136 4337 sui
1153 4291 1220 4339 acci·

96 4359 208 4423 pientes,
229 4357 427 4420 Hersseldenscs
447 4387 477 4395 -
498 4374 563 4410 sane
581 4375 614 4408 ea
632 4361 760 4409 sententia
779 4359 933 4410 elericorrnn
951 4358 1032 4408 medii
1052 4360 1110 4410 aeri
1129 4388 1170 4423 -,
1191 4365 1220 4410 nt

100 4444 150 4479 sua
169 4428 274 4480 eeclesia
293 4428 422 4480 Fuldmsi
439 4431 578 4495 antiquior
596 4428 746 4495 haberet-ur,
766 4430 915 4494 effeceram.
