2842 5026
464 382 667 438 namnum
684 382 877 437 mam
911 384 949 436 Δ.
967 386 1046 439 lm
1268 386 1320 439 lot

191 564 369 629 habuerat
380 565 401 641 ¹,
426 586 561 629 summu
582 566 617 628 vi
640 565 820 628 nitebatur
839 565 1056 646 adquirere⁸.
1090 564 1178 627 Cum
1202 565 1345 628 nullust

191 654 295 717 daret
311 654 517 736 postulanti.
540 654 786 736 indignitatem
801 675 872 717 non
886 655 1011 719 fetens
1034 655 1118 736 regn
1143 675 1205 736 per
1218 674 1320 735 quem

192 742 417 825 potissimum
447 743 618 807 stet-isset.
649 763 694 806 ne
716 743 892 805 darentur.
922 741 1052 805 bellum
1084 743 1228 824 parabat
1252 763 1320 806 cre

193 831 336 912 brisque
376 830 558 912 colloquiis
591 831 788 912 'l'hniingos
824 830 870 892 ad
908 831 1108 894 scientem
1146 852 1319 894 armorum

171 918 422 983 ssollicitsbat.
468 919 670 1002 Promptum
695 920 762 982 hoc
784 920 860 982 fore
882 918 1053 1001 spembat.
1080 939 1122 982 eo
1144 920 1236 1001 qnod
1260 940 1320 982 rex

192 1007 496 1091 archiepiscopum
526 1007 724 1070 adiuvando
752 1008 790 1069 in
819 1008 997 1088 exigendis
1031 1007 1320 1070 decimationibus

193 1095 348 1159 multum
379 1118 401 1159 s
429 1117 466 1160 se
488 1097 670 1160 avertisset
695 1096 829 1158 animos
850 1116 969 1158 eornm
979 1097 1002 1156 ².
1048 1095 1318 1158 Incitamentum

194 1177 335 1248 tumenb
371 1183 425 1247 illi
453 1184 582 1247 furoris
611 1184 666 1248 vel
689 1185 875 1246 maximnm
905 1196 980 1247 erat
1003 1205 1091 1247 uxor
1111 1185 1318 1247 saevissima.

194 1272 293 1337 Haec
319 1273 458 1355 plscido
480 1273 631 1336 hominis
652 1273 793 1355 ingenio
818 1282 854 1335 et
877 1293 940 1354 per
961 1282 1112 1336 aetatem
1135 1273 1204 1334 iam
1228 1294 1319 1335 man·

167 1361 356 1425 nsuefscto
385 1361 554 1425 iuveniles
576 1362 709 1424 animos
735 1361 943 1443 inspirabat.
974 1361 1089 1443 sepius
1111 1361 1318 1429 obtundens

195 1449 293 1532 qnia,
331 1450 361 1511 si
391 1450 443 1512 vir
472 1454 579 1521 esset,
614 1471 685 1512 non
713 1449 847 1512 inultus
875 1450 1021 1512 iniurias
1053 1450 1224 1532 acciperet
1257 1471 1319 1513 nec

196 1537 303 1621 priori
334 1537 460 1601 marito
490 1539 565 1602 eius
586 1538 732 1600 andacia
755 1559 791 1601 se
814 1539 980 1621 imparem
1002 1546 1154 1620 gereret.
1185 1559 1254 1620 qno
1283 1545 1319 1601 et

198 1626 327 1690 virtute
352 1629 388 1690 et
403 1625 583 1708 opulentis
605 1627 761 1709 superior
778 1638 878 1690 esset.
917 1626 1009 1690 Rex‘
1030 1638 1174 1709 accepto
1193 1628 1320 1689 nuncio

198 1715 351 1798 graviter
385 1720 562 1796 permotus
594 1715 754 1797 ingentes
783 1716 913 1798 copias.
948 1724 983 1778 et
1014 1736 1103 1796 quse
1138 1710 1315 1797 pluribus⁴

173 1803 302 1867 uetiam
328 1802 430 1867 bellis
453 1803 538 1866 satis
561 1808 685 1867 essent.
709 1803 887 1867 celerrime
909 1805 1093 1866 contraxit.
1127 1803 1214 1865 Tum
1238 1824 1319 1867 vero

200 1892 380 1975 episcopus
410 1891 635 1974 Mogontinns
664 1898 801 1974 tempus
831 1913 867 1954 se
900 1893 1073 1975 accepisse
1107 1899 1219 1957 ratus.
1251 1913 1319 1973 qno

201 2000 257 2064 per
295 1980 512 2044 occasionem
550 1980 682 2062 publici
720 1980 803 2043 belli
842 1981 1014 2062 privatum
1052 1980 1089 2042 in
1123 1980 1319 2061 Thuringos

201 2068 315 2131 odium
333 2068 534 2135 vindicaret,
559 2069 803 2132 infestissimus
818 2069 949 2135 aderat.
972 2090 1087 2151 regem
1107 2090 1209 2150 quani
1231 2078 1318 2131 stro

202 2157 333 2220 cissime
356 2177 429 2221 rem
452 2177 554 2238 agere
576 2157 784 2239 instigabat:
814 2158 888 2239 ipse
918 2179 1053 2239 qnoque
1083 2158 1167 2220 totis
1197 2158 1319 2220 amico

175 2267 282 2319 nrum,
308 2245 413 2308 totise
434 2239 652 2327 Mogontini‘
678 2247 896 2328 episcopatus
918 2246 1042 2329 opibus
1064 2253 1166 2328 cepto
1189 2247 1319 2309 annite

202 2334 311 2397 batur.
359 2333 439 2396 Non
469 2334 597 2398 fefellit
628 2334 823 2415 Thuringos
853 2337 1018 2398 efferatus
1049 2335 1087 2397 in
1117 2355 1153 2398 se
1183 2335 1318 2397 animus

201 2423 367 2505 episcopi,
403 2443 466 2485 nec
500 2423 565 2504 ipsi
600 2423 637 2484 in
672 2444 749 2485 enm
785 2424 939 2486 mitiores
973 2423 1115 2506 spiritns
1148 2429 1317 2503 gerentes.

129 2511 332 2593 ablegatos
356 2511 400 2573 sd
416 2530 531 2592 regem
555 2506 745 2577 ‘miserunt
771 2532 807 2574 se
823 2511 911 2573 nihil
927 2512 1093 2593 iniquum.
1118 2512 1206 2574 nihil
1226 2512 1318 2593 quod

200 2620 294 2664 secus
327 2599 373 2661 sit
403 2598 516 2662 moliri
546 2600 709 2663 adversus
739 2621 834 2665 enm.
865 2621 928 2663 nec
958 2620 1054 2662 arma
1077 2604 1217 2663 contra‘
1246 2621 1317 2662 rem

170 2688 372 2771 upublicsm
397 2707 458 2750 suo
482 2687 625 2751 consilio
648 2694 709 2750 aut
732 2690 851 2751 farore
874 2693 1034 2770 sumpta⁸
1060 2708 1149 2763 esse;
1179 2693 1318 2770 paratos

199 2797 232 2840 se
254 2777 377 2858 pocius
408 2776 540 2840 hostem
572 2777 750 2858 publicum
781 2777 905 2858 capitis
927 2797 1062 2858 qnoque
1086 2777 1138 2839 sni
1163 2776 1317 2858 periculo

198 2885 411 2948 expugnare;
443 2858 662 2946 promptius¹¹
690 2870 806 2928 sutem
838 2886 877 2928 ac
908 2866 1066 2928 devotius
1095 2865 1132 2927 id
1162 2867 1317 2927 facturos

198 2974 285 3023 esse.
319 2954 348 3016 si
378 2953 646 3016 decimat-ionum
671 2953 781 3035 leges,
813 2954 963 3035 priorum
987 2974 1107 3034 regum
1132 2958 1166 3016 et
1191 2953 1316 3034 episco

197 3063 318 3124 porum
342 3041 562 3124 indulgentia
584 3042 649 3104 sibi
674 3046 833 3107 statutas.
858 3046 950 3104 ratas
970 3041 1221 3122 inviolatasque
1241 3041 1316 3104 fore

168 3135 384 3213 upateretur.
436 3123 583 3208 Quodsi¹
615 3131 796 3212 episcopus
823 3131 867 3192 ad
891 3151 948 3193 eos
975 3151 1047 3192 rem
1071 3129 1222 3191 divinum
1246 3148 1316 3191 non

196 3219 338 3293 divinis,
370 3219 430 3282 sed
453 3218 613 3281 humanis
636 3219 740 3281 armis
764 3211 1020 3301 expugnatumk
1046 3217 1178 3280 veniret
1202 3221 1238 3280 et
1261 3217 1315 3280 de·

196 3300 321 3369 cimasb
349 3307 424 3370 iure
451 3306 534 3370 belli
564 3307 630 3370 sibi
654 3312 856 3388 extorquere
879 3306 1001 3379 vellet,
1032 3325 1117 3387 quas
1147 3325 1210 3368 nec
1240 3305 1315 3369 iure

194 3395 428 3459 ecclesiastico
459 3415 521 3458 nec
545 3395 621 3478 lege
644 3397 773 3459 forensi
801 3395 985 3477 potuisset,
1016 3394 1085 3456 ism
1116 3393 1248 3476 pridem
1279 3414 1315 3457 se

194 3488 410 3547 sacramento
433 3484 617 3547 obstrictos
633 3484 872 3567 obligatosque
895 3483 1012 3559 fuisse,
1037 3486 1078 3545 ut
1100 3486 1255 3565 raptores
1279 3486 1315 3546 et

162 3673 215 3721 ὅθι)
229 3684 280 3721 scu.
296 3674 356 3712 131¹.
364 3676 384 3713 2.
446 3673 469 3722 b)
488 3685 530 3713 om.
549 3673 596 3713 132.
658 3672 678 3719 c)
700 3674 748 3712 Rex
762 3693 788 3702 -
802 3673 912 3712 contraxit
931 3684 974 3712 cm.
988 3673 1035 3712 Bi.
1100 3670 1124 3723 d)
1142 3671 1241 3723 plurimis
1255 3670 1315 3714 Blb.

193 3726 214 3773 s)
230 3738 273 3765 cm.
290 3727 348 3765 151⁸.
404 3727 422 3775 s)
437 3727 560 3777 moguntini
575 3727 622 3766 Bi.
677 3726 701 3776 g)
715 3733 779 3776 nupta
793 3727 852 3766 131⁸.
908 3725 931 3776 b)
945 3727 1032 3775 proclus
1046 3726 1106 3765 Blt.
1162 3725 1178 3775 l)
1192 3723 1242 3774 qul
1258 3726 1315 3768 131⁸.

194 3779 217 3826 lt)
232 3789 401 3829 expugnaturus
415 3780 435 3819 B
444 3779 476 3822 lb.

195 3921 221 3986 1)
239 3921 401 3972 Praesenim
416 3921 611 3988 proculdubio
629 3921 752 3985 beneficia
770 3921 963 3987 archicpiscopi
980 3921 1143 3986 liopunts'no',
1168 3920 1200 3971 de
1217 3921 1316 3986 qm‘bns

192 4009 280 4057 acapm
307 4009 333 4046 α.
353 3996 431 4055 1062,
453 4010 482 4058 p.
503 3997 545 4047 79,
571 3993 670 4042 dictum
696 3999 741 4053 est,
767 3998 796 4042 nt
816 3991 978 4044 Gimbrccbt
1001 3992 1018 4046 Ι.
1036 3993 1053 4045 l.
1077 3994 1179 4057 p.139.
1204 3994 1315 4045 inonuIt.

157 4066 220 4127 Μ)
241 4062 343 4128 Optime
361 4064 471 4114 ostendit
490 4063 605 4125 ,licefeld
620 4080 648 4128 p.
667 4067 699 4117 51
718 4080 773 4129 sqq.
807 4063 961 4127 Thurinpos
978 4068 1104 4113 sunctum
1124 4062 1192 4113 illud
1207 4067 1315 4128 pactum

193 4136 265 4199 repis
291 4140 313 4183 et
339 4134 537 4199 archiepiscopi,
563 4134 633 4199 quod
655 4134 739 4198 paulo
764 4139 825 4184 unte
850 4135 951 4196 factuam
977 4148 1030 4183 asae
1056 4132 1151 4198 Lamp.
1177 4133 1315 4196 confina-ot,

193 4206 296 4255 nori-ise
314 4220 368 4254 non
383 4206 509 4269 potuisse,
536 4204 709 4269 &stupendum
727 4221 778 4253 sna
793 4205 1011 4269 praesumptione
1035 4208 1167 4253 camitem
1185 4204 1316 4269 quaestio·

194 4292 251 4326 nem
278 4275 309 4325 de
334 4275 439 4325 decimis
463 4275 631 4340 Thurinyiae
655 4275 801 4337 subissime
822 4276 981 4324 narrationi
997 4273 1080 4324 sucis
1098 4273 1247 4324 rebellionis
1266 4275 1315 4324 im·

193 4348 337 4409 nunccine,
356 4346 426 4412 qitod
445 4348 521 4397 etium
542 4362 575 4396 ex
594 4348 680 4410 ipsius
699 4347 858 4396 nassutione
876 4350 1015 4411 appareat.
