2842 5026
338 392 536 447 LAMPERTI
553 392 739 446 mam.
776 396 814 446 A.
833 396 910 448 ruta.
1136 395 1186 448 tat

145 574 303 637 huma-nis
337 575 534 639 moderatio.
574 576 755 639 vehemens
788 577 825 637 in
859 576 1073 657 «arrigendis
1105 574 1276 658 legi-1¹5⁴»

115 688 138 732 rs
172 664 338 729 studium.
370 664 477 727 libera
506 665 543 726 in
572 664 796 746 corripiendis
824 665 884 746 qui
919 664 1008 727 male
1042 642 1358 746 agereut'*³'⁸²

115 751 234 819 ceritas
269 753 420 814 omnium
454 774 514 816 ore
543 753 815 816 celebrabantur.
850 774 1037 834 earumque
1071 773 1186 815 rerum

115 840 349 908 mmemoratio
384 861 452 903 non
482 841 660 903 minimum
694 842 726 903 ei
756 842 893 921 unciae
921 842 1016 923 apud
1047 841 1187 924 popula·

115 955 128 996 3
159 929 372 992 conciliabat.
418 929 619 992 Exclamant
649 951 768 992 omnes
794 930 839 991 ad
867 951 965 992 snam
999 931 1110 1012 magis
1138 931 1186 992 in·

115 1019 194 1084 riam
225 1018 396 1100 pert-inere
425 1018 588 1080 violatam
618 1018 826 1100 pontificalis
855 1019 1005 1081 nominis
1032 1020 1186 1082 maiesta-

115 1128 150 1173 m
169 1110 201 1169 et·
224 1107 309 1169 mori
332 1106 397 1168 sibi
420 1107 528 1168 satius
551 1128 633 1169 esse.
660 1128 762 1188 quam
786 1123 826 1169 ut
849 1120 988 1169 tantum
1011 1108 1186 1190 flagicium

115 1214 209 1260 orum
240 1200 431 1276 temporum
462 1195 612 1257 inultum
643 1197 831 1278 patiantur.
878 1195 994 1265 lffitur
1023 1217 1086 1278 per
1107 1217 1186 1277 qua-

115 1289 174 1348 0r⁸
199 1283 251 1346 vel
275 1282 425 1364 quinque
455 1283 601 1345 miliaria
631 1285 896 1366 circumquaque
923 1285 966 1346 ad
991 1305 1086 1346 arma
1110 1306 1186 1346 tun·

115 1375 237 1437 amant:
263 1371 372 1433 multa
396 1372 573 1434 hominum
597 1373 691 1434 milia
715 1373 810 1435 dicto
833 1373 941 1435 cicius
963 1380 1185 1437 aincurrunt.

115 1458 248 1541 dloqui
273 1480 333 1541 per
351 1466 500 1523 aetatem
524 1482 617 1522 arma
641 1462 732 1523 terre
754 1476 867 1543 piaret
894 1470 966 1522 tam
990 1460 1185 1543 religiosam

115 1547 233 1611 ilicium
272 1549 505 1615 detrectante:
544 1549 811 1631 conglobatique
848 1551 884 1611 in
920 1570 1026 1611 unum
1062 1560 1185 1631 mgant

115 1636 365 1719 chiepiscopum
396 1643 430 1700 et
454 1648 674 1701 cunctantem
699 1632 751 1700 rib
780 1637 975 1720 impellunt.
1007 1650 1046 1700 ut
1069 1639 1115 1700 ad
1139 1660 1186 1701 re

115 1725 300 1805 perandum
336 1726 509 1789 civitatem
545 1728 750 1808 quantocius
784 1728 944 1791 festinet:
979 1747 1016 1790 se
1051 1748 1114 1808 pru
1145 1747 1187 1790 eo

115 1812 306 1879 nicaturos.
343 1820 377 1876 et
416 1815 444 1876 si
482 1836 522 1877 ea
561 1816 747 1878 necessitas
780 1815 973 1879 incumbat.
1009 1835 1090 1878 ores
1124 1837 1187 1898 pru

115 1903 216 1967 itone.
255 1901 344 1965 filios
378 1924 439 1984 pro
473 1918 571 1985 patre
609 1904 759 1967 libenter
792 1918 936 1967 mortem
971 1912 1186 1985 excepturos

115 1991 170 2052 od
193 1991 259 2052 nisi
284 1989 504 2054 Colonienses
527 1999 701 2056 maturent
724 1994 920 2056 venientem
949 1993 1124 2074 suscipere
1150 1997 1185 2055 et

115 2105 119 2127 >
161 2079 268 2161 ipsius
299 2079 468 2142 arbitratu
499 2082 699 2144 satisfacere
728 2082 870 2145 offenso.
901 2102 938 2144 se
964 2090 1025 2143 aut
1049 2082 1187 2151 incesto

118 2185 149 2229 e
173 2167 358 2249 populumc
379 2189 455 2230 cum
473 2169 614 2232 civitate
636 2183 909 2252 consumpturos.
933 2180 994 2231 aut
1018 2169 1187 2251 dissipato

115 2271 166 2318 ro
205 2276 283 2318 eum
318 2277 420 2338 super
457 2259 650 2340 congeriem
685 2259 875 2320 occisorum
910 2259 946 2320 in
984 2258 1184 2320 cathedram

115 2344 302 2407 ntificalem
332 2345 545 2407 reducturos.
592 2346 648 2408 Ita
678 2347 956 2428 archiepiscopus
982 2356 1106 2428 quarto
1129 2347 1186 2409 die
1197 2369 1294 2416 ,effac

115 2436 249 2513 tiquam
274 2433 412 2496 exierat.
437 2455 561 2515 magno
585 2434 734 2496 vallatus
755 2435 902 2516 agmine.
927 2435 971 2496 ad
995 2435 1115 2497 urbem
1134 2456 1186 2497 ac

115 2519 180 2582 ait.
229 2519 329 2597 Quod
359 2522 418 2583 ubi
447 2521 709 2586 coloniensibus
739 2532 952 2605 compertum
983 2532 1050 2587 est.
1083 2530 1117 2586 et
1148 2544 1185 2586 sc

115 2611 187 2671 ttae
212 2614 349 2690 tamque
365 2611 529 2674 efferatae
552 2611 787 2673 multitudinis
808 2612 976 2693 impetum
1000 2632 1064 2674 nec
1087 2633 1186 2674 muro

115 2716 129 2759 o
165 2697 239 2760 acie
274 2698 442 2761 sustinere
477 2720 575 2780 posse
610 2701 899 2763 animadvertunt.
931 2710 1005 2760 tum
1037 2700 1185 2782 primum

115 2805 165 2848 ror
196 2786 393 2865 deflagrare.
429 2787 578 2850 ebrietas
612 2783 813 2851 vanescered
847 2789 957 2870 cepitz
992 2808 1186 2869 magnoque

115 2894 198 2937 rore
234 2874 387 2936 concussi
418 2875 552 2937 obviam
584 2877 717 2957 legatos
747 2877 790 2940 de
822 2898 905 2959 pace
935 2877 1117 2939 miserunt.
1149 2896 1185 2938 se

115 2982 142 3023 >s
174 2965 378 3024 confitentes
408 2974 442 3025 et
473 2986 619 3028 omnem.
650 2970 772 3046 qnam‘
801 2966 872 3026 rita
902 2963 1068 3026 incolumi
1094 2963 1184 3026 iube

115 3052 198 3115 rtur.
231 3071 351 3131 penam
383 3053 531 3133 pendere
562 3058 710 3136 paratos.
761 3053 1051 3133 Archiepiscopus
1081 3051 1185 3132 digne

115 3138 304 3201 nitentibus
328 3160 363 3201 se
380 3141 512 3202 veniam
537 3162 606 3204 non
625 3147 830 3223 negaturum
850 3139 1038 3220 respondit.
1072 3131 1182 3199 unm‘

115 3227 241 3290 ,ebrata
259 3227 435 3289 missarum
456 3228 675 3292 solemnitate
694 3229 786 3310 apud
803 3227 969 3289 Sanctum
987 3224 1184 3306 Georgium,

115 3316 208 3397 iqui
232 3316 427 3397 pontificem
452 3319 532 3381 sede
556 3318 692 3399 propria
720 3315 946 3397 expulissent.
978 3313 1037 3394 qui
1060 3313 1185 3375 aeccle·

115 3426 152 3465 m
184 3403 369 3467 homicidio
405 3406 622 3486 polluissent.
654 3405 713 3486 qui
744 3402 912 3484 templum
949 3401 1060 3463 sancti
1090 3399 1187 3464 Petri

115 3492 242 3555 stiliter
272 3493 501 3575 impetissent.
533 3495 591 3575 qui
623 3497 759 3556 caetera
787 3490 965 3573 religionis
995 3490 1071 3551 iura
1100 3509 1186 3552 ausu

115 3580 214 3643 rbaro
238 3588 472 3648 temerassent.
497 3580 683 3665 episcopali
708 3581 821 3643 banuo
844 3580 889 3641 ad
912 3578 1185 3642 satisfactionem

115 3669 213 3732 cavit.
261 3669 423 3732 Protinus
453 3692 570 3734 omnes
601 3671 702 3732 nudis
730 3669 885 3751 pedibus,
917 3667 1026 3731 laneis
1050 3667 1093 3729 ad
1117 3687 1186 3729 car

115 3779 145 3818 m
177 3758 292 3818 induti
323 3764 574 3840 processerunt,
606 3760 662 3821 rix
692 3762 728 3821 et·
755 3778 857 3840 aegre
886 3757 1074 3838 impet-rata
1103 3775 1186 3838 pace

115 3846 317 3911 altitudinis.
349 3867 436 3927 quae
467 3848 557 3909 cirea
586 3849 784 3931 episcopum
817 3850 906 3922 crat,
938 3848 977 3906 ut
1008 3844 1073 3907 hoc
1108 3846 1186 3906 tuto

115 3954 181 3996 tere
206 3934 409 3997 sinerentur.
456 3935 545 3996 Nam
570 3940 605 3999 et
627 3937 849 3999 vehementer
872 3934 904 3997 ei
927 3931 1185 4005 succensebant,

115 4022 169 4096 od,
195 4022 276 4083 dum
302 4022 571 4086 inmoderatiusss
590 4015 829 4088 clementiamh
854 4019 1061 4084 ostentando
1082 4038 1186 4100 popu-

115 4109 150 4171 is
174 4111 248 4173 fieri
271 4110 386 4176 vellet.
418 4111 568 4174 nefarios
592 4112 747 4175 hominos
771 4110 815 4171 ad
838 4106 999 4172 audenda
1021 4104 1186 4185 nequiora

118 4199 172 4259 ius
196 4198 332 4261 sceleris
356 4199 563 4282 impunitate
591 4201 769 4262 animaret.
816 4193 1105 4276 Archiepiscopus
1128 4211 1186 4256 eoa

115 4370 150 4408 111
165 4370 230 4407 salv
247 4371 302 4412 1³1³.
357 4371 533 4418 hnmana.
588 4366 791 4420 etpopnrusmb.
845 4366 868 4406 dl
882 4375 1018 4405 evanescere
1036 4363 1057 4407 Γ.
1108 4358 1187 4414 aque

169 4423 337 4467 ήΤιιιιοΒΙῑ).
391 4434 415 4472 g)
429 4423 487 4464 mod.
501 4434 558 4466 corr.
572 4421 654 4465 irunod.
668 4421 727 4464 131⁶.
781 4420 804 4468 li)
817 4417 957 4461 demenciam
970 4418 1030 4461 31⁸.

1172 4628 1317 4696 Δ
