<?xml version="1.0" encoding="UTF-8"?>
<!DOCTYPE html PUBLIC "-//W3C//DTD XHTML 1.0 Transitional//EN"
    "http://www.w3.org/TR/xhtml1/DTD/xhtml1-transitional.dtd">
<html xmlns="http://www.w3.org/1999/xhtml" xml:lang="en" lang="en">
 <head>
  <title>
</title>
<meta http-equiv="Content-Type" content="text/html;charset=utf-8" />
  <meta name='ocr-system' content='tesseract 3.04.00' />
  <meta name='ocr-capabilities' content='ocr_page ocr_carea ocr_par ocr_line ocrx_word'/>
</head>
<body>
  <div class='ocr_page' id='page_1' title='image "./lambertimonachi00hersgoog_0016.png"; bbox 0 0 2842 5026; ppageno 0'>
   <div class='ocr_carea' id='block_1_1' title="bbox 500 1038 856 1123">
    <p class='ocr_par' dir='ltr' id='par_1_1' title="bbox 500 1038 856 1123">
     <span class='ocr_line' id='line_1_1' title="bbox 500 1038 856 1123; baseline 0.011 -4"><span class='ocrx_word' id='word_1_1' title='bbox 500 1038 856 1123; x_wconf 78' lang='lat' dir='ltr'><strong><em>PRAEFATIO.</em></strong></span> 
     </span>
    </p>
   </div>
   <div class='ocr_carea' id='block_1_2' title="bbox 77 1245 1236 2390">
    <p class='ocr_par' dir='ltr' id='par_1_2' title="bbox 87 1245 1236 1965">
     <span class='ocr_line' id='line_1_2' title="bbox 225 1245 1236 1346; baseline 0 -18"><span class='ocrx_word' id='word_1_2' title='bbox 225 1245 313 1328; x_wconf 78' lang='lat' dir='ltr'><strong><em>Cum</em></strong></span> <span class='ocrx_word' id='word_1_3' title='bbox 350 1262 504 1327; x_wconf 83' lang='lat' dir='ltr'><strong><em>ealausta</em></strong></span> <span class='ocrx_word' id='word_1_4' title='bbox 535 1261 648 1343; x_wconf 75' lang='lat' dir='ltr'><strong><em>priore</em></strong></span> <span class='ocrx_word' id='word_1_5' title='bbox 685 1261 820 1327; x_wconf 74' lang='lat' dir='ltr'><strong><em>editione</em></strong></span> <span class='ocrx_word' id='word_1_6' title='bbox 854 1262 1035 1328; x_wconf 77' lang='lat' dir='ltr'><em>Annalium</em></span> <span class='ocrx_word' id='word_1_7' title='bbox 1070 1264 1236 1346; x_wconf 81' lang='lat' dir='ltr'><strong><em>Lamperti</em></strong></span> 
     </span>
     <span class='ocr_line' id='line_1_3' title="bbox 110 1350 1234 1434; baseline 0.003 -20"><span class='ocrx_word' id='word_1_8' title='bbox 110 1350 285 1434; x_wconf 75' lang='lat' dir='ltr'><em>bibliopola</em></span> <span class='ocrx_word' id='word_1_9' title='bbox 300 1357 429 1433; x_wconf 81' lang='lat' dir='ltr'><strong><em>peteret,</em></strong></span> <span class='ocrx_word' id='word_1_10' title='bbox 454 1357 489 1415; x_wconf 90' lang='lat' dir='ltr'><strong><em>ut</em></strong></span> <span class='ocrx_word' id='word_1_11' title='bbox 504 1371 587 1415; x_wconf 89' lang='lat' dir='ltr'><strong><em>noua</em></strong></span> <span class='ocrx_word' id='word_1_12' title='bbox 603 1356 788 1432; x_wconf 78' lang='lat' dir='ltr'><strong><em>pararetur,</em></strong></span> <span class='ocrx_word' id='word_1_13' title='bbox 813 1351 880 1415; x_wconf 91' lang='lat' dir='ltr'><strong><em>iam</em></strong></span> <span class='ocrx_word' id='word_1_14' title='bbox 898 1372 963 1416; x_wconf 91' lang='lat' dir='ltr'><strong><em>non</em></strong></span> <span class='ocrx_word' id='word_1_15' title='bbox 980 1351 1125 1434; x_wconf 74' lang='lat' dir='ltr'><strong><em>priorem</em></strong></span> <span class='ocrx_word' id='word_1_16' title='bbox 1143 1352 1234 1418; x_wconf 90' lang='lat' dir='ltr'><strong><em>illam</em></strong></span> 
     </span>
     <span class='ocr_line' id='line_1_4' title="bbox 111 1439 1234 1522; baseline 0.003 -19"><span class='ocrx_word' id='word_1_17' title='bbox 111 1442 263 1505; x_wconf 80' lang='lat' dir='ltr'><strong><em>reardere</em></strong></span> <span class='ocrx_word' id='word_1_18' title='bbox 291 1440 429 1522; x_wconf 78' lang='lat' dir='ltr'><strong><em>placuit,</em></strong></span> <span class='ocrx_word' id='word_1_19' title='bbox 461 1459 541 1520; x_wconf 88' lang='lat' dir='ltr'><strong><em>quae</em></strong></span> <span class='ocrx_word' id='word_1_20' title='bbox 571 1439 641 1504; x_wconf 93' lang='lat' dir='ltr'><strong><em>licet</em></strong></span> <span class='ocrx_word' id='word_1_21' title='bbox 669 1439 791 1521; x_wconf 86' lang='lat' dir='ltr'><strong><em>eqreqie</em></strong></span> <span class='ocrx_word' id='word_1_22' title='bbox 822 1461 879 1504; x_wconf 90' lang='lat' dir='ltr'><strong><em>suo</em></strong></span> <span class='ocrx_word' id='word_1_23' title='bbox 909 1446 1044 1522; x_wconf 72' lang='lat' dir='ltr'><strong><em>tuaque</em></strong></span> <span class='ocrx_word' id='word_1_24' title='bbox 1072 1440 1234 1506; x_wconf 86' lang='lat' dir='ltr'><strong><em>elaborata</em></strong></span> 
     </span>
     <span class='ocr_line' id='line_1_5' title="bbox 87 1527 1235 1611; baseline 0.006 -24"><span class='ocrx_word' id='word_1_25' title='bbox 87 1549 101 1587; x_wconf 80' lang='lat' dir='ltr'><strong><em>s</em></strong></span> <span class='ocrx_word' id='word_1_26' title='bbox 111 1528 224 1609; x_wconf 79' lang='lat' dir='ltr'><strong><em>suerit,</em></strong></span> <span class='ocrx_word' id='word_1_27' title='bbox 249 1549 336 1594; x_wconf 90' lang='lat' dir='ltr'><strong><em>nunc</em></strong></span> <span class='ocrx_word' id='word_1_28' title='bbox 351 1534 457 1593; x_wconf 90' lang='lat' dir='ltr'><strong><em>tamen</em></strong></span> <span class='ocrx_word' id='word_1_29' title='bbox 479 1533 522 1592; x_wconf 90' lang='lat' dir='ltr'><strong><em>tot</em></strong></span> <span class='ocrx_word' id='word_1_30' title='bbox 545 1527 659 1593; x_wconf 87' lang='lat' dir='ltr'><strong><em>libellis</em></strong></span> <span class='ocrx_word' id='word_1_31' title='bbox 682 1529 720 1592; x_wconf 81' lang='lat' dir='ltr'><strong><em>ile</em></strong></span> <span class='ocrx_word' id='word_1_32' title='bbox 742 1528 870 1610; x_wconf 76' lang='lat' dir='ltr'><strong><em>scriptis</em></strong></span> <span class='ocrx_word' id='word_1_33' title='bbox 885 1528 1050 1611; x_wconf 83' lang='lat' dir='ltr'><strong><em>Lamperti</em></strong></span> <span class='ocrx_word' id='word_1_34' title='bbox 1072 1529 1166 1594; x_wconf 83' lang='lat' dir='ltr'><strong><em>editis</em></strong></span> <span class='ocrx_word' id='word_1_35' title='bbox 1187 1529 1235 1594; x_wconf 88' lang='lat' dir='ltr'><strong><em>ita</em></strong></span> 
     </span>
     <span class='ocr_line' id='line_1_6' title="bbox 111 1616 1235 1700; baseline 0.001 -19"><span class='ocrx_word' id='word_1_36' title='bbox 111 1617 272 1698; x_wconf 76' lang='lat' dir='ltr'><strong><em>obsolevit,</em></strong></span> <span class='ocrx_word' id='word_1_37' title='bbox 296 1623 331 1681; x_wconf 88' lang='lat' dir='ltr'><strong><em>ut</em></strong></span> <span class='ocrx_word' id='word_1_38' title='bbox 346 1616 511 1682; x_wconf 86' lang='lat' dir='ltr'><strong><em>lectoribus</em></strong></span> <span class='ocrx_word' id='word_1_39' title='bbox 530 1616 597 1680; x_wconf 91' lang='lat' dir='ltr'><strong><em>iam</em></strong></span> <span class='ocrx_word' id='word_1_40' title='bbox 615 1638 681 1680; x_wconf 93' lang='lat' dir='ltr'><strong><em>non</em></strong></span> <span class='ocrx_word' id='word_1_41' title='bbox 695 1616 881 1695; x_wconf 69' lang='lat' dir='ltr'><strong><em>satisfacere</em></strong></span> <span class='ocrx_word' id='word_1_42' title='bbox 897 1616 1009 1698; x_wconf 81' lang='lat' dir='ltr'><strong><em>possit,</em></strong></span> <span class='ocrx_word' id='word_1_43' title='bbox 1033 1618 1090 1682; x_wconf 82' lang='lat' dir='ltr'><strong><em>secl</em></strong></span> <span class='ocrx_word' id='word_1_44' title='bbox 1104 1617 1235 1700; x_wconf 76' lang='lat' dir='ltr'><strong><em>penitus</em></strong></span> 
     </span>
     <span class='ocr_line' id='line_1_7' title="bbox 111 1705 1234 1771; baseline 0.002 -3"><span class='ocrx_word' id='word_1_45' title='bbox 111 1711 321 1771; x_wconf 76' lang='lat' dir='ltr'><strong><em>retractatam</em></strong></span> <span class='ocrx_word' id='word_1_46' title='bbox 351 1712 380 1770; x_wconf 94' lang='lat' dir='ltr'><strong><em>et</em></strong></span> <span class='ocrx_word' id='word_1_47' title='bbox 409 1712 580 1770; x_wconf 71' lang='lat' dir='ltr'><strong><em>correnum</em></strong></span> <span class='ocrx_word' id='word_1_48' title='bbox 608 1726 678 1769; x_wconf 89' lang='lat' dir='ltr'><strong><em>eam</em></strong></span> <span class='ocrx_word' id='word_1_49' title='bbox 710 1705 854 1770; x_wconf 78' lang='lat' dir='ltr'><strong><em>ealiibere</em></strong></span> <span class='ocrx_word' id='word_1_50' title='bbox 886 1705 990 1770; x_wconf 86' lang='lat' dir='ltr'><strong><em>uisum</em></strong></span> <span class='ocrx_word' id='word_1_51' title='bbox 1023 1711 1077 1770; x_wconf 89' lang='lat' dir='ltr'><strong><em>est.</em></strong></span> <span class='ocrx_word' id='word_1_52' title='bbox 1123 1706 1234 1770; x_wconf 84' lang='lat' dir='ltr'><strong><em>Etiam</em></strong></span> 
     </span>
     <span class='ocr_line' id='line_1_8' title="bbox 113 1793 1234 1876; baseline 0.001 -18"><span class='ocrx_word' id='word_1_53' title='bbox 113 1795 195 1858; x_wconf 77' lang='lat' dir='ltr'><strong><em>duos</em></strong></span> <span class='ocrx_word' id='word_1_54' title='bbox 224 1794 364 1876; x_wconf 89' lang='lat' dir='ltr'><strong><em>reliquos</em></strong></span> <span class='ocrx_word' id='word_1_55' title='bbox 394 1793 513 1858; x_wconf 91' lang='lat' dir='ltr'><strong><em>libellos</em></strong></span> <span class='ocrx_word' id='word_1_56' title='bbox 535 1793 673 1858; x_wconf 84' lang='lat' dir='ltr'><strong><em>eiusdem</em></strong></span> <span class='ocrx_word' id='word_1_57' title='bbox 702 1793 842 1859; x_wconf 86' lang='lat' dir='ltr'><strong><em>auctoris</em></strong></span> <span class='ocrx_word' id='word_1_58' title='bbox 869 1795 1031 1858; x_wconf 79' lang='lat' dir='ltr'><strong><em>mldeuclos</em></strong></span> <span class='ocrx_word' id='word_1_59' title='bbox 1057 1815 1122 1859; x_wconf 91' lang='lat' dir='ltr'><strong><em>esse</em></strong></span> <span class='ocrx_word' id='word_1_60' title='bbox 1145 1794 1234 1858; x_wconf 79' lang='lat' dir='ltr'><strong><em>(lusi-</em></strong></span> 
     </span>
     <span class='ocr_line' id='line_1_9' title="bbox 113 1881 1234 1965; baseline 0.002 -19"><span class='ocrx_word' id='word_1_61' title='bbox 113 1904 196 1963; x_wconf 85' lang='lat' dir='ltr'><strong><em>mus,</em></strong></span> <span class='ocrx_word' id='word_1_62' title='bbox 221 1904 292 1948; x_wconf 83' lang='lat' dir='ltr'><strong><em>arm</em></strong></span> <span class='ocrx_word' id='word_1_63' title='bbox 314 1882 392 1964; x_wconf 89' lang='lat' dir='ltr'><strong><em>quia</em></strong></span> <span class='ocrx_word' id='word_1_64' title='bbox 413 1881 599 1947; x_wconf 72' lang='lat' dir='ltr'><strong><em>Annalibus</em></strong></span> <span class='ocrx_word' id='word_1_65' title='bbox 621 1888 702 1947; x_wconf 90' lang='lat' dir='ltr'><strong><em>recte</em></strong></span> <span class='ocrx_word' id='word_1_66' title='bbox 723 1903 841 1947; x_wconf 71' lang='lat' dir='ltr'><strong><em>lauriss</em></strong></span> <span class='ocrx_word' id='word_1_67' title='bbox 864 1882 916 1947; x_wconf 87' lang='lat' dir='ltr'><strong><em>bis</em></strong></span> <span class='ocrx_word' id='word_1_68' title='bbox 938 1903 1046 1948; x_wconf 87' lang='lat' dir='ltr'><strong><em>carere</em></strong></span> <span class='ocrx_word' id='word_1_69' title='bbox 1068 1904 1134 1947; x_wconf 91' lang='lat' dir='ltr'><strong><em>non</em></strong></span> <span class='ocrx_word' id='word_1_70' title='bbox 1150 1888 1234 1965; x_wconf 78' lang='lat' dir='ltr'><strong><em>pote-</em></strong></span> 
     </span>
    </p>

    <p class='ocr_par' dir='ltr' id='par_1_3' title="bbox 77 1969 1236 2390">
     <span class='ocr_line' id='line_1_10' title="bbox 77 1969 1235 2053; baseline 0.005 -23"><span class='ocrx_word' id='word_1_71' title='bbox 77 1994 106 2031; x_wconf 79' lang='grc' dir='ltr'><strong><em>ιο</em></strong></span> <span class='ocrx_word' id='word_1_72' title='bbox 117 1971 176 2052; x_wconf 84' lang='lat' dir='ltr'><strong><em>rit,</em></strong></span> <span class='ocrx_word' id='word_1_73' title='bbox 208 1978 275 2035; x_wconf 87' lang='lat' dir='ltr'><strong><em>tum</em></strong></span> <span class='ocrx_word' id='word_1_74' title='bbox 304 1971 381 2053; x_wconf 90' lang='lat' dir='ltr'><strong><em>quia</em></strong></span> <span class='ocrx_word' id='word_1_75' title='bbox 411 1969 518 2035; x_wconf 82' lang='lat' dir='ltr'><strong><em>Vitam</em></strong></span> <span class='ocrx_word' id='word_1_76' title='bbox 540 1970 631 2035; x_wconf 78' lang='lat' dir='ltr'><strong><em>Iulli.</em></strong></span> <span class='ocrx_word' id='word_1_77' title='bbox 659 1991 745 2036; x_wconf 91' lang='lat' dir='ltr'><strong><em>nunc</em></strong></span> <span class='ocrx_word' id='word_1_78' title='bbox 767 1971 876 2053; x_wconf 76' lang='lat' dir='ltr'><strong><em>primo</em></strong></span> <span class='ocrx_word' id='word_1_79' title='bbox 905 1970 1063 2053; x_wconf 86' lang='lat' dir='ltr'><strong><em>inteqram</em></strong></span> <span class='ocrx_word' id='word_1_80' title='bbox 1092 1971 1235 2036; x_wconf 76' lang='lat' dir='ltr'><strong><em>exhibere</em></strong></span> 
     </span>
     <span class='ocr_line' id='line_1_11' title="bbox 108 2058 1235 2142; baseline 0 -18"><span class='ocrx_word' id='word_1_81' title='bbox 108 2081 291 2142; x_wconf 83' lang='lat' dir='ltr'><strong><em>possumus,</em></strong></span> <span class='ocrx_word' id='word_1_82' title='bbox 316 2060 461 2140; x_wconf 83' lang='lat' dir='ltr'><strong><em>dolentes,</em></strong></span> <span class='ocrx_word' id='word_1_83' title='bbox 487 2061 571 2140; x_wconf 81' lang='lat' dir='ltr'><strong><em>quod</em></strong></span> <span class='ocrx_word' id='word_1_84' title='bbox 592 2058 690 2124; x_wconf 85' lang='lat' dir='ltr'><strong><em>libelli</em></strong></span> <span class='ocrx_word' id='word_1_85' title='bbox 713 2061 750 2124; x_wconf 81' lang='lat' dir='ltr'><strong><em>(le</em></strong></span> <span class='ocrx_word' id='word_1_86' title='bbox 766 2059 973 2125; x_wconf 74' lang='lat' dir='ltr'><strong><em>Institutione</em></strong></span> <span class='ocrx_word' id='word_1_87' title='bbox 995 2059 1141 2126; x_wconf 84' lang='lat' dir='ltr'><strong><em>eeclesiae</em></strong></span> <span class='ocrx_word' id='word_1_88' title='bbox 1153 2060 1235 2125; x_wconf 86' lang='lat' dir='ltr'><strong><em>Her·</em></strong></span> 
     </span>
     <span class='ocr_line' id='line_1_12' title="bbox 116 2148 1235 2231; baseline 0 -19"><span class='ocrx_word' id='word_1_89' title='bbox 116 2148 274 2214; x_wconf 78' lang='lat' dir='ltr'><strong><em>caldensis</em></strong></span> <span class='ocrx_word' id='word_1_90' title='bbox 302 2150 410 2213; x_wconf 80' lang='lat' dir='ltr'><strong><em>euclem</em></strong></span> <span class='ocrx_word' id='word_1_91' title='bbox 439 2154 563 2212; x_wconf 91' lang='lat' dir='ltr'><strong><em>tantum</em></strong></span> <span class='ocrx_word' id='word_1_92' title='bbox 592 2148 660 2227; x_wconf 83' lang='lat' dir='ltr'><strong><em>fere</em></strong></span> <span class='ocrx_word' id='word_1_93' title='bbox 686 2148 869 2229; x_wconf 84' lang='lat' dir='ltr'><strong><em>sraqmenta</em></strong></span> <span class='ocrx_word' id='word_1_94' title='bbox 892 2150 1102 2231; x_wconf 77' lang='lat' dir='ltr'><strong><em>proponenda</em></strong></span> <span class='ocrx_word' id='word_1_95' title='bbox 1125 2148 1235 2213; x_wconf 89' lang='lat' dir='ltr'><strong><em>babea-</em></strong></span> 
     </span>
     <span class='ocr_line' id='line_1_13' title="bbox 116 2235 1236 2319; baseline 0.001 -19"><span class='ocrx_word' id='word_1_96' title='bbox 116 2259 196 2318; x_wconf 89' lang='lat' dir='ltr'><strong><em>mus,</em></strong></span> <span class='ocrx_word' id='word_1_97' title='bbox 221 2258 302 2319; x_wconf 87' lang='lat' dir='ltr'><strong><em>quae</em></strong></span> <span class='ocrx_word' id='word_1_98' title='bbox 324 2237 391 2300; x_wconf 91' lang='lat' dir='ltr'><strong><em>iam</em></strong></span> <span class='ocrx_word' id='word_1_99' title='bbox 413 2242 487 2301; x_wconf 86' lang='lat' dir='ltr'><strong><em>ante</em></strong></span> <span class='ocrx_word' id='word_1_100' title='bbox 502 2235 736 2318; x_wconf 68' lang='lat' dir='ltr'><strong><em>quinquaqinta</em></strong></span> <span class='ocrx_word' id='word_1_101' title='bbox 751 2257 855 2302; x_wconf 89' lang='lat' dir='ltr'><strong><em>annos</em></strong></span> <span class='ocrx_word' id='word_1_102' title='bbox 874 2237 912 2301; x_wconf 91' lang='lat' dir='ltr'><strong><em>in</em></strong></span> <span class='ocrx_word' id='word_1_103' title='bbox 927 2236 1103 2302; x_wconf 77' lang='lat' dir='ltr'><strong><em>collectione</em></strong></span> <span class='ocrx_word' id='word_1_104' title='bbox 1125 2243 1236 2301; x_wconf 91' lang='lat' dir='ltr'><strong><em>nostra</em></strong></span> 
     </span>
     <span class='ocr_line' id='line_1_14' title="bbox 116 2325 308 2390; baseline -0.005 0"><span class='ocrx_word' id='word_1_105' title='bbox 116 2325 202 2390; x_wconf 77' lang='lat' dir='ltr'><strong><em>edita</em></strong></span> <span class='ocrx_word' id='word_1_106' title='bbox 223 2332 308 2390; x_wconf 70' lang='lat' dir='ltr'><strong><em>aaut.</em></strong></span> 
     </span>
    </p>
   </div>
   <div class='ocr_carea' id='block_1_3' title="bbox 82 2466 1064 2549">
    <p class='ocr_par' dir='ltr' id='par_1_4' title="bbox 82 2466 1064 2549">
     <span class='ocr_line' id='line_1_15' title="bbox 82 2466 1064 2549; baseline 0.001 -20"><span class='ocrx_word' id='word_1_107' title='bbox 82 2491 111 2529; x_wconf 77' lang='lat' dir='ltr'><strong><em>a&gt;</em></strong></span> <span class='ocrx_word' id='word_1_108' title='bbox 295 2467 326 2531; x_wconf 90' lang='grc' dir='ltr'><strong><em>Ι.</em></strong></span> <span class='ocrx_word' id='word_1_109' title='bbox 372 2467 430 2532; x_wconf 90' lang='lat' dir='ltr'><strong><em>De</em></strong></span> <span class='ocrx_word' id='word_1_110' title='bbox 460 2466 546 2531; x_wconf 88' lang='lat' dir='ltr'><strong><em>uita</em></strong></span> <span class='ocrx_word' id='word_1_111' title='bbox 576 2473 612 2532; x_wconf 92' lang='lat' dir='ltr'><strong><em>et</em></strong></span> <span class='ocrx_word' id='word_1_112' title='bbox 641 2466 814 2549; x_wconf 78' lang='lat' dir='ltr'><strong><em>scriptis</em></strong></span> <span class='ocrx_word' id='word_1_113' title='bbox 844 2467 1064 2549; x_wconf 73' lang='lat' dir='ltr'><strong><em>lamperti.</em></strong></span> 
     </span>
    </p>
   </div>
   <div class='ocr_carea' id='block_1_4' title="bbox 83 2581 1242 4169">
    <p class='ocr_par' dir='ltr' id='par_1_5' title="bbox 122 2581 1242 2930">
     <span class='ocr_line' id='line_1_16' title="bbox 229 2581 1242 2664; baseline -0.001 -17"><span class='ocrx_word' id='word_1_114' title='bbox 229 2584 355 2647; x_wconf 80' lang='lat' dir='ltr'><strong><em>Nomen</em></strong></span> <span class='ocrx_word' id='word_1_115' title='bbox 370 2582 518 2647; x_wconf 79' lang='lat' dir='ltr'><strong><em>monachi</em></strong></span> <span class='ocrx_word' id='word_1_116' title='bbox 539 2581 629 2647; x_wconf 89' lang='lat' dir='ltr'><strong><em>illius</em></strong></span> <span class='ocrx_word' id='word_1_117' title='bbox 645 2582 846 2662; x_wconf 84' lang='lat' dir='ltr'><strong><em>celeberrimi,</em></strong></span> <span class='ocrx_word' id='word_1_118' title='bbox 871 2602 961 2663; x_wconf 88' lang='lat' dir='ltr'><strong><em>quem</em></strong></span> <span class='ocrx_word' id='word_1_119' title='bbox 976 2589 1113 2664; x_wconf 90' lang='lat' dir='ltr'><strong><em>quatuor</em></strong></span> <span class='ocrx_word' id='word_1_120' title='bbox 1128 2581 1242 2647; x_wconf 81' lang='lat' dir='ltr'><strong><em>libellis</em></strong></span> 
     </span>
     <span class='ocr_line' id='line_1_17' title="bbox 122 2670 1242 2753; baseline 0 -19"><span class='ocrx_word' id='word_1_121' title='bbox 122 2692 173 2735; x_wconf 89' lang='lat' dir='ltr'><strong><em>res</em></strong></span> <span class='ocrx_word' id='word_1_122' title='bbox 193 2677 299 2753; x_wconf 83' lang='lat' dir='ltr'><strong><em>qestas</em></strong></span> <span class='ocrx_word' id='word_1_123' title='bbox 321 2691 491 2736; x_wconf 88' lang='lat' dir='ltr'><strong><em>enarrasse</em></strong></span> <span class='ocrx_word' id='word_1_124' title='bbox 513 2677 644 2751; x_wconf 87' lang='lat' dir='ltr'><strong><em>constat,</em></strong></span> <span class='ocrx_word' id='word_1_125' title='bbox 672 2693 694 2735; x_wconf 91' lang='lat' dir='ltr'><strong><em>a</em></strong></span> <span class='ocrx_word' id='word_1_126' title='bbox 717 2671 805 2735; x_wconf 92' lang='lat' dir='ltr'><strong><em>nullo</em></strong></span> <span class='ocrx_word' id='word_1_127' title='bbox 827 2670 988 2752; x_wconf 77' lang='lat' dir='ltr'><strong><em>scriptore,</em></strong></span> <span class='ocrx_word' id='word_1_128' title='bbox 1012 2671 1104 2735; x_wconf 91' lang='lat' dir='ltr'><strong><em>nulla</em></strong></span> <span class='ocrx_word' id='word_1_129' title='bbox 1126 2670 1242 2736; x_wconf 88' lang='lat' dir='ltr'><strong><em>notitia</em></strong></span> 
     </span>
     <span class='ocr_line' id='line_1_18' title="bbox 122 2759 1241 2840; baseline 0 -16"><span class='ocrx_word' id='word_1_130' title='bbox 122 2759 219 2824; x_wconf 76' lang='lat' dir='ltr'><strong><em>nerlii</em></strong></span> <span class='ocrx_word' id='word_1_131' title='bbox 242 2760 312 2823; x_wconf 80' lang='lat' dir='ltr'><strong><em>aeui</em></strong></span> <span class='ocrx_word' id='word_1_132' title='bbox 342 2759 432 2824; x_wconf 87' lang='lat' dir='ltr'><strong><em>nobis</em></strong></span> <span class='ocrx_word' id='word_1_133' title='bbox 461 2759 615 2824; x_wconf 81' lang='lat' dir='ltr'><strong><em>traditum</em></strong></span> <span class='ocrx_word' id='word_1_134' title='bbox 637 2766 694 2840; x_wconf 86' lang='lat' dir='ltr'><strong><em>est,</em></strong></span> <span class='ocrx_word' id='word_1_135' title='bbox 726 2762 850 2824; x_wconf 74' lang='lat' dir='ltr'><strong><em>domium</em></strong></span> <span class='ocrx_word' id='word_1_136' title='bbox 876 2759 1022 2825; x_wconf 81' lang='lat' dir='ltr'><strong><em>eatrunis</em></strong></span> <span class='ocrx_word' id='word_1_137' title='bbox 1049 2759 1148 2824; x_wconf 92' lang='lat' dir='ltr'><strong><em>annis</em></strong></span> <span class='ocrx_word' id='word_1_138' title='bbox 1176 2780 1241 2825; x_wconf 89' lang='lat' dir='ltr'><strong><em>sae·</em></strong></span> 
     </span>
     <span class='ocr_line' id='line_1_19' title="bbox 123 2847 1241 2930; baseline -0.002 -16"><span class='ocrx_word' id='word_1_139' title='bbox 123 2848 186 2914; x_wconf 82' lang='lat' dir='ltr'><strong><em>culi</em></strong></span> <span class='ocrx_word' id='word_1_140' title='bbox 200 2849 237 2913; x_wconf 92' lang='lat' dir='ltr'><em>X</em></span> <span class='ocrx_word' id='word_1_141' title='bbox 244 2848 281 2916; x_wconf 83' lang='lat'><strong><em>1⁷.</em></strong></span> <span class='ocrx_word' id='word_1_142' title='bbox 298 2848 334 2913; x_wconf 91' lang='lat' dir='ltr'><strong><em>in</em></strong></span> <span class='ocrx_word' id='word_1_143' title='bbox 350 2847 507 2913; x_wconf 77' lang='lat' dir='ltr'><strong><em>corticibus</em></strong></span> <span class='ocrx_word' id='word_1_144' title='bbox 520 2849 554 2913; x_wconf 84' lang='lat' dir='ltr'><strong><em>S.</em></strong></span> <span class='ocrx_word' id='word_1_145' title='bbox 567 2848 658 2913; x_wconf 86' lang='lat' dir='ltr'><strong><em>Petri</em></strong></span> <span class='ocrx_word' id='word_1_146' title='bbox 670 2848 993 2930; x_wconf 77' lang='lat' dir='ltr'><strong><em>Erpliessurtensibus</em></strong></span> <span class='ocrx_word' id='word_1_147' title='bbox 1008 2855 1037 2913; x_wconf 91' lang='lat' dir='ltr'><strong><em>et</em></strong></span> <span class='ocrx_word' id='word_1_148' title='bbox 1052 2870 1074 2912; x_wconf 91' lang='lat' dir='ltr'><strong><em>a</em></strong></span> <span class='ocrx_word' id='word_1_149' title='bbox 1087 2848 1241 2913; x_wconf 85' lang='lat' dir='ltr'><strong><em>monacbo</em></strong></span> 
     </span>
    </p>

    <p class='ocr_par' dir='ltr' id='par_1_6' title="bbox 83 2936 1242 4169">
     <span class='ocr_line' id='line_1_20' title="bbox 84 2936 1242 3019; baseline 0.002 -19"><span class='ocrx_word' id='word_1_150' title='bbox 84 2937 261 3001; x_wconf 77' lang='lat' dir='ltr'><strong><em>neiusduu</em></strong></span> <span class='ocrx_word' id='word_1_151' title='bbox 290 2936 475 3001; x_wconf 84' lang='lat' dir='ltr'><strong><em>monasterii</em></strong></span> <span class='ocrx_word' id='word_1_152' title='bbox 500 2937 634 3002; x_wconf 91' lang='lat' dir='ltr'><strong><em>Nicolao</em></strong></span> <span class='ocrx_word' id='word_1_153' title='bbox 664 2939 702 3001; x_wconf 82' lang='lat' dir='ltr'><strong><em>ele</em></strong></span> <span class='ocrx_word' id='word_1_154' title='bbox 727 2937 846 3019; x_wconf 79' lang='lat' dir='ltr'><strong><em>Sqqen,</em></strong></span> <span class='ocrx_word' id='word_1_155' title='bbox 877 2944 943 3001; x_wconf 92' lang='lat' dir='ltr'><strong><em>tum</em></strong></span> <span class='ocrx_word' id='word_1_156' title='bbox 969 2939 1010 3002; x_wconf 91' lang='lat' dir='ltr'><strong><em>ab</em></strong></span> <span class='ocrx_word' id='word_1_157' title='bbox 1033 2936 1110 3001; x_wconf 89' lang='lat' dir='ltr'><strong><em>aliis</em></strong></span> <span class='ocrx_word' id='word_1_158' title='bbox 1137 2938 1242 3002; x_wconf 83' lang='lat' dir='ltr'><strong><em>eodem</em></strong></span> 
     </span>
     <span class='ocr_line' id='line_1_21' title="bbox 121 3024 1241 3106; baseline 0 -17"><span class='ocrx_word' id='word_1_159' title='bbox 121 3026 190 3104; x_wconf 81' lang='lat' dir='ltr'><strong><em>sere</em></strong></span> <span class='ocrx_word' id='word_1_160' title='bbox 214 3032 349 3106; x_wconf 76' lang='lat' dir='ltr'><strong><em>terripore</em></strong></span> <span class='ocrx_word' id='word_1_161' title='bbox 371 3030 400 3090; x_wconf 91' lang='lat' dir='ltr'><strong><em>et</em></strong></span> <span class='ocrx_word' id='word_1_162' title='bbox 416 3025 537 3106; x_wconf 78' lang='lat' dir='ltr'><strong><em>prioris</em></strong></span> <span class='ocrx_word' id='word_1_163' title='bbox 558 3024 678 3090; x_wconf 84' lang='lat' dir='ltr'><strong><em>sacarli</em></strong></span> <span class='ocrx_word' id='word_1_164' title='bbox 696 3025 798 3090; x_wconf 86' lang='lat' dir='ltr'><strong><em>XVI.</em></strong></span> <span class='ocrx_word' id='word_1_165' title='bbox 822 3026 929 3106; x_wconf 86' lang='lat' dir='ltr'><strong><em>annis,</em></strong></span> <span class='ocrx_word' id='word_1_166' title='bbox 953 3025 1097 3090; x_wconf 83' lang='lat' dir='ltr'><strong><em>uidelicet</em></strong></span> <span class='ocrx_word' id='word_1_167' title='bbox 1119 3025 1159 3089; x_wconf 92' lang='lat' dir='ltr'><strong><em>ab</em></strong></span> <span class='ocrx_word' id='word_1_168' title='bbox 1174 3024 1241 3089; x_wconf 92' lang='lat' dir='ltr'><strong><em>An-</em></strong></span> 
     </span>
     <span class='ocr_line' id='line_1_22' title="bbox 122 3112 1241 3197; baseline 0 -19"><span class='ocrx_word' id='word_1_169' title='bbox 122 3116 202 3178; x_wconf 79' lang='lat' dir='ltr'><strong><em>‹lrea</em></strong></span> <span class='ocrx_word' id='word_1_170' title='bbox 231 3115 341 3179; x_wconf 88' lang='lat' dir='ltr'><strong><em>abbate</em></strong></span> <span class='ocrx_word' id='word_1_171' title='bbox 372 3114 406 3179; x_wconf 87' lang='lat' dir='ltr'><strong><em>S.</em></strong></span> <span class='ocrx_word' id='word_1_172' title='bbox 430 3113 604 3179; x_wconf 77' lang='lat' dir='ltr'><strong><em>Michaelis</em></strong></span> <span class='ocrx_word' id='word_1_173' title='bbox 630 3114 916 3197; x_wconf 84' lang='lat' dir='ltr'><strong><em>Bobenberqensis,</em></strong></span> <span class='ocrx_word' id='word_1_174' title='bbox 948 3114 1096 3178; x_wconf 85' lang='lat' dir='ltr'><strong><em>Iobannc</em></strong></span> <span class='ocrx_word' id='word_1_175' title='bbox 1122 3112 1241 3178; x_wconf 78' lang='lat' dir='ltr'><strong><em>Tritlee·</em></strong></span> 
     </span>
     <span class='ocr_line' id='line_1_23' title="bbox 120 3201 1240 3285; baseline 0.001 -19"><span class='ocrx_word' id='word_1_176' title='bbox 120 3202 187 3267; x_wconf 90' lang='lat' dir='ltr'><strong><em>mio</em></strong></span> <span class='ocrx_word' id='word_1_177' title='bbox 221 3203 331 3267; x_wconf 88' lang='lat' dir='ltr'><strong><em>abbate</em></strong></span> <span class='ocrx_word' id='word_1_178' title='bbox 363 3203 397 3267; x_wconf 81' lang='lat' dir='ltr'><strong><em>S.</em></strong></span> <span class='ocrx_word' id='word_1_179' title='bbox 428 3202 540 3268; x_wconf 88' lang='lat' dir='ltr'><strong><em>Iacobi</em></strong></span> <span class='ocrx_word' id='word_1_180' title='bbox 569 3202 854 3285; x_wconf 83' lang='lat' dir='ltr'><strong><em>Wireiburqensis,</em></strong></span> <span class='ocrx_word' id='word_1_181' title='bbox 887 3201 1086 3284; x_wconf 77' lang='lat' dir='ltr'><strong><em>Hieronymo</em></strong></span> <span class='ocrx_word' id='word_1_182' title='bbox 1115 3202 1240 3281; x_wconf 82' lang='lat' dir='ltr'><strong><em>Emser,</em></strong></span> 
     </span>
     <span class='ocr_line' id='line_1_24' title="bbox 128 3290 1241 3374; baseline -0.004 -17"><span class='ocrx_word' id='word_1_183' title='bbox 128 3290 291 3374; x_wconf 76' lang='lat' dir='ltr'><strong><em>Wiqanilo</em></strong></span> <span class='ocrx_word' id='word_1_184' title='bbox 311 3291 564 3373; x_wconf 74' lang='lat' dir='ltr'><strong><em>Gerstenlmqm,</em></strong></span> <span class='ocrx_word' id='word_1_185' title='bbox 588 3298 715 3357; x_wconf 81' lang='lat' dir='ltr'><strong><em>arictore</em></strong></span> <span class='ocrx_word' id='word_1_186' title='bbox 739 3291 977 3372; x_wconf 79' lang='lat' dir='ltr'><strong><em>Antiquitatum</em></strong></span> <span class='ocrx_word' id='word_1_187' title='bbox 996 3290 1241 3372; x_wconf 78' lang='lat' dir='ltr'><strong><em>Erpltessurten·</em></strong></span> 
     </span>
     <span class='ocr_line' id='line_1_25' title="bbox 83 3377 1241 3461; baseline -0.002 -17"><span class='ocrx_word' id='word_1_188' title='bbox 83 3380 207 3444; x_wconf 64' lang='lat' dir='ltr'><strong><em>assirim</em></strong></span> <span class='ocrx_word' id='word_1_189' title='bbox 237 3379 417 3461; x_wconf 78' lang='lat' dir='ltr'><strong><em>Vaniloqui,</em></strong></span> <span class='ocrx_word' id='word_1_190' title='bbox 448 3380 614 3461; x_wconf 74' lang='lat' dir='ltr'><strong><em>lamperti</em></strong></span> <span class='ocrx_word' id='word_1_191' title='bbox 643 3401 758 3445; x_wconf 92' lang='lat' dir='ltr'><strong><em>nomen</em></strong></span> <span class='ocrx_word' id='word_1_192' title='bbox 787 3378 910 3445; x_wconf 88' lang='lat' dir='ltr'><strong><em>auctori</em></strong></span> <span class='ocrx_word' id='word_1_193' title='bbox 931 3378 1113 3443; x_wconf 90' lang='lat' dir='ltr'><strong><em>Annalium</em></strong></span> <span class='ocrx_word' id='word_1_194' title='bbox 1141 3377 1241 3457; x_wconf 84' lang='lat' dir='ltr'><strong><em>fuisse</em></strong></span> 
     </span>
     <span class='ocr_line' id='line_1_26' title="bbox 121 3467 1242 3550; baseline -0.002 -18"><span class='ocrx_word' id='word_1_195' title='bbox 121 3470 310 3533; x_wconf 80' lang='lat' dir='ltr'><strong><em>adnotatum</em></strong></span> <span class='ocrx_word' id='word_1_196' title='bbox 332 3475 386 3533; x_wconf 88' lang='lat' dir='ltr'><strong><em>est.</em></strong></span> <span class='ocrx_word' id='word_1_197' title='bbox 432 3469 537 3550; x_wconf 80' lang='lat' dir='ltr'><strong><em>Atque</em></strong></span> <span class='ocrx_word' id='word_1_198' title='bbox 558 3468 721 3534; x_wconf 77' lang='lat' dir='ltr'><strong><em>Iohannes</em></strong></span> <span class='ocrx_word' id='word_1_199' title='bbox 741 3467 933 3533; x_wconf 78' lang='lat' dir='ltr'><strong><em>Tritlsemius</em></strong></span> <span class='ocrx_word' id='word_1_200' title='bbox 955 3474 984 3533; x_wconf 92' lang='lat' dir='ltr'><strong><em>et</em></strong></span> <span class='ocrx_word' id='word_1_201' title='bbox 1003 3467 1128 3532; x_wconf 87' lang='lat' dir='ltr'><strong><em>Paulus</em></strong></span> <span class='ocrx_word' id='word_1_202' title='bbox 1146 3467 1242 3549; x_wconf 79' lang='lat' dir='ltr'><strong><em>Lanq</em></strong></span> 
     </span>
     <span class='ocr_line' id='line_1_27' title="bbox 123 3555 1241 3639; baseline 0.001 -20"><span class='ocrx_word' id='word_1_203' title='bbox 123 3556 159 3620; x_wconf 89' lang='lat' dir='ltr'><strong><em>iu</em></strong></span> <span class='ocrx_word' id='word_1_204' title='bbox 188 3556 345 3623; x_wconf 80' lang='lat' dir='ltr'><strong><em>Obronico</em></strong></span> <span class='ocrx_word' id='word_1_205' title='bbox 369 3556 521 3622; x_wconf 79' lang='lat' dir='ltr'><strong><em>Oitirensi</em></strong></span> <span class='ocrx_word' id='word_1_206' title='bbox 543 3559 583 3622; x_wconf 90' lang='lat' dir='ltr'><strong><em>ab</em></strong></span> <span class='ocrx_word' id='word_1_207' title='bbox 606 3560 710 3622; x_wconf 78' lang='lat' dir='ltr'><strong><em>eoclcm</em></strong></span> <span class='ocrx_word' id='word_1_208' title='bbox 733 3558 905 3639; x_wconf 75' lang='lat' dir='ltr'><strong><em>Lamperto</em></strong></span> <span class='ocrx_word' id='word_1_209' title='bbox 928 3555 1066 3621; x_wconf 89' lang='lat' dir='ltr'><strong><em>libellum</em></strong></span> <span class='ocrx_word' id='word_1_210' title='bbox 1088 3558 1126 3620; x_wconf 82' lang='lat' dir='ltr'><strong><em>ile</em></strong></span> <span class='ocrx_word' id='word_1_211' title='bbox 1149 3555 1241 3620; x_wconf 79' lang='lat' dir='ltr'><strong><em>mom</em></strong></span> 
     </span>
     <span class='ocr_line' id='line_1_28' title="bbox 119 3645 1242 3727; baseline -0.002 -17"><span class='ocrx_word' id='word_1_212' title='bbox 119 3645 219 3727; x_wconf 84' lang='lat' dir='ltr'><strong><em>qestis</em></strong></span> <span class='ocrx_word' id='word_1_213' title='bbox 232 3645 419 3711; x_wconf 88' lang='lat' dir='ltr'><strong><em>monasterii</em></strong></span> <span class='ocrx_word' id='word_1_214' title='bbox 434 3645 674 3725; x_wconf 78' lang='lat' dir='ltr'><strong><em>Hersfelilcnsis</em></strong></span> <span class='ocrx_word' id='word_1_215' title='bbox 689 3645 806 3711; x_wconf 80' lang='lat' dir='ltr'><strong><em>editum</em></strong></span> <span class='ocrx_word' id='word_1_216' title='bbox 821 3667 886 3711; x_wconf 91' lang='lat' dir='ltr'><strong><em>esse</em></strong></span> <span class='ocrx_word' id='word_1_217' title='bbox 904 3645 1079 3710; x_wconf 90' lang='lat' dir='ltr'><strong><em>retulerunt</em></strong></span> <span class='ocrx_word' id='word_1_218' title='bbox 1090 3645 1110 3706; x_wconf 88' lang='lat'><strong><em>¹.</em></strong></span> <span class='ocrx_word' id='word_1_219' title='bbox 1155 3645 1242 3725; x_wconf 77' lang='lat' dir='ltr'><strong><em>Quae</em></strong></span> 
     </span>
     <span class='ocr_line' id='line_1_29' title="bbox 122 3733 1240 3815; baseline -0.001 -18"><span class='ocrx_word' id='word_1_220' title='bbox 122 3733 303 3799; x_wconf 87' lang='lat' dir='ltr'><strong><em>testimonia</em></strong></span> <span class='ocrx_word' id='word_1_221' title='bbox 326 3735 434 3799; x_wconf 89' lang='lat' dir='ltr'><strong><em>omnia</em></strong></span> <span class='ocrx_word' id='word_1_222' title='bbox 456 3735 551 3799; x_wconf 90' lang='lat' dir='ltr'><strong><em>attuli</em></strong></span> <span class='ocrx_word' id='word_1_223' title='bbox 575 3734 692 3799; x_wconf 87' lang='lat' dir='ltr'><strong><em>‘Neues</em></strong></span> <span class='ocrx_word' id='word_1_224' title='bbox 714 3733 850 3799; x_wconf 83' lang='lat' dir='ltr'><strong><em>Arabio’</em></strong></span> <span class='ocrx_word' id='word_1_225' title='bbox 869 3733 978 3815; x_wconf 84' lang='lat' dir='ltr'><em>XIX,</em></span> <span class='ocrx_word' id='word_1_226' title='bbox 996 3754 1032 3814; x_wconf 82' lang='lat' dir='ltr'><strong><em>p.</em></strong></span> <span class='ocrx_word' id='word_1_227' title='bbox 1056 3737 1240 3812; x_wconf 82' lang='lat' dir='ltr'><strong><em>loo-182,</em></strong></span> 
     </span>
     <span class='ocr_line' id='line_1_30' title="bbox 83 3821 1242 3905; baseline -0.001 -18"><span class='ocrx_word' id='word_1_228' title='bbox 83 3823 273 3905; x_wconf 73' lang='lat' dir='ltr'><strong><em>moolliqeus</em></strong></span> <span class='ocrx_word' id='word_1_229' title='bbox 295 3823 409 3888; x_wconf 76' lang='lat' dir='ltr'><strong><em>omnic</em></strong></span> <span class='ocrx_word' id='word_1_230' title='bbox 434 3843 500 3889; x_wconf 93' lang='lat' dir='ltr'><strong><em>non</em></strong></span> <span class='ocrx_word' id='word_1_231' title='bbox 523 3823 649 3904; x_wconf 71' lang='lat' dir='ltr'><strong><em>quictem</em></strong></span> <span class='ocrx_word' id='word_1_232' title='bbox 671 3823 758 3888; x_wconf 86' lang='lat' dir='ltr'><strong><em>ultra</em></strong></span> <span class='ocrx_word' id='word_1_233' title='bbox 781 3844 902 3887; x_wconf 79' lang='lat' dir='ltr'><strong><em>onrnem</em></strong></span> <span class='ocrx_word' id='word_1_234' title='bbox 925 3821 1150 3887; x_wconf 71' lang='lat' dir='ltr'><strong><em>drebbationem</em></strong></span> <span class='ocrx_word' id='word_1_235' title='bbox 1172 3841 1242 3886; x_wconf 89' lang='lat' dir='ltr'><strong><em>con·</em></strong></span> 
     </span>
     <span class='ocr_line' id='line_1_31' title="bbox 121 3910 1242 3991; baseline 0 -17"><span class='ocrx_word' id='word_1_236' title='bbox 121 3917 209 3976; x_wconf 86' lang='lat' dir='ltr'><strong><em>stare</em></strong></span> <span class='ocrx_word' id='word_1_237' title='bbox 237 3933 346 3977; x_wconf 78' lang='lat' dir='ltr'><strong><em>cuum</em></strong></span> <span class='ocrx_word' id='word_1_238' title='bbox 375 3932 488 3977; x_wconf 86' lang='lat' dir='ltr'><strong><em>nornen</em></strong></span> <span class='ocrx_word' id='word_1_239' title='bbox 517 3911 658 3978; x_wconf 90' lang='lat' dir='ltr'><strong><em>auctoris</em></strong></span> <span class='ocrx_word' id='word_1_240' title='bbox 691 3911 860 3977; x_wconf 65' lang='lat' dir='ltr'><strong><em>mansoriae</em></strong></span> <span class='ocrx_word' id='word_1_241' title='bbox 889 3910 1042 3976; x_wconf 79' lang='lat' dir='ltr'><strong><em>traditum</em></strong></span> <span class='ocrx_word' id='word_1_242' title='bbox 1072 3931 1150 3991; x_wconf 84' lang='lat' dir='ltr'><strong><em>esse,</em></strong></span> <span class='ocrx_word' id='word_1_243' title='bbox 1185 3930 1242 3975; x_wconf 91' lang='lat' dir='ltr'><strong><em>nec</em></strong></span> 
     </span>
     <span class='ocr_line' id='line_1_32' title="bbox 122 3998 1242 4082; baseline -0.002 -19"><span class='ocrx_word' id='word_1_244' title='bbox 122 4007 230 4065; x_wconf 90' lang='lat' dir='ltr'><strong><em>tamen</em></strong></span> <span class='ocrx_word' id='word_1_245' title='bbox 248 4000 422 4082; x_wconf 83' lang='lat' dir='ltr'><strong><em>quidquam</em></strong></span> <span class='ocrx_word' id='word_1_246' title='bbox 444 4000 625 4082; x_wconf 85' lang='lat' dir='ltr'><strong><em>arqumenti</em></strong></span> <span class='ocrx_word' id='word_1_247' title='bbox 647 4000 770 4080; x_wconf 88' lang='lat' dir='ltr'><strong><em>baberi,</em></strong></span> <span class='ocrx_word' id='word_1_248' title='bbox 795 4022 852 4066; x_wconf 87' lang='lat' dir='ltr'><strong><em>cur</em></strong></span> <span class='ocrx_word' id='word_1_249' title='bbox 874 3999 911 4064; x_wconf 80' lang='lat' dir='ltr'><strong><em>iil</em></strong></span> <span class='ocrx_word' id='word_1_250' title='bbox 931 3998 1111 4064; x_wconf 89' lang='lat' dir='ltr'><strong><em>reiciamus.</em></strong></span> <span class='ocrx_word' id='word_1_251' title='bbox 1161 3998 1242 4062; x_wconf 85' lang='lat' dir='ltr'><strong><em>Tum</em></strong></span> 
     </span>
     <span class='ocr_line' id='line_1_33' title="bbox 123 4086 1241 4169; baseline 0 -17"><span class='ocrx_word' id='word_1_252' title='bbox 123 4088 247 4153; x_wconf 75' lang='lat' dir='ltr'><strong><em>oelardi</em></strong></span> <span class='ocrx_word' id='word_1_253' title='bbox 273 4089 314 4153; x_wconf 93' lang='lat' dir='ltr'><strong><em>ab</em></strong></span> <span class='ocrx_word' id='word_1_254' title='bbox 337 4088 481 4154; x_wconf 86' lang='lat' dir='ltr'><strong><em>erunibus</em></strong></span> <span class='ocrx_word' id='word_1_255' title='bbox 503 4089 685 4154; x_wconf 89' lang='lat' dir='ltr'><strong><em>auctoribus</em></strong></span> <span class='ocrx_word' id='word_1_256' title='bbox 707 4096 736 4154; x_wconf 89' lang='lat' dir='ltr'><strong><em>ct</em></strong></span> <span class='ocrx_word' id='word_1_257' title='bbox 764 4089 801 4153; x_wconf 93' lang='lat' dir='ltr'><strong><em>in</em></strong></span> <span class='ocrx_word' id='word_1_258' title='bbox 828 4087 972 4152; x_wconf 91' lang='lat' dir='ltr'><strong><em>omnibus</em></strong></span> <span class='ocrx_word' id='word_1_259' title='bbox 1001 4086 1125 4152; x_wconf 88' lang='lat' dir='ltr'><strong><em>notitiis</em></strong></span> <span class='ocrx_word' id='word_1_260' title='bbox 1147 4107 1241 4169; x_wconf 75' lang='lat' dir='ltr'><strong><em>prae-</em></strong></span> 
     </span>
    </p>
   </div>
   <div class='ocr_carea' id='block_1_5' title="bbox 84 4226 1242 4365">
    <p class='ocr_par' dir='ltr' id='par_1_7' title="bbox 84 4226 1242 4365">
     <span class='ocr_line' id='line_1_34' title="bbox 123 4226 1242 4294; baseline -0.004 -13"><span class='ocrx_word' id='word_1_261' title='bbox 123 4229 152 4293; x_wconf 95' lang='lat' dir='ltr'><strong><em>l)</em></strong></span> <span class='ocrx_word' id='word_1_262' title='bbox 170 4227 264 4280; x_wconf 79' lang='lat' dir='ltr'><strong><em>Moneo</em></strong></span> <span class='ocrx_word' id='word_1_263' title='bbox 281 4230 311 4279; x_wconf 77' lang='lat' dir='ltr'><strong><em>in</em></strong></span> <span class='ocrx_word' id='word_1_264' title='bbox 329 4230 502 4294; x_wconf 52' lang='lat' dir='ltr'><strong><em>immotique</em></strong></span> <span class='ocrx_word' id='word_1_265' title='bbox 514 4228 581 4282; x_wconf 84' lang='lat' dir='ltr'><strong><em>Inst.</em></strong></span> <span class='ocrx_word' id='word_1_266' title='bbox 595 4228 718 4282; x_wconf 65' lang='lat' dir='ltr'><strong><em>Heluetii.</em></strong></span> <span class='ocrx_word' id='word_1_267' title='bbox 736 4243 789 4279; x_wconf 86' lang='lat' dir='ltr'><strong><em>nou</em></strong></span> <span class='ocrx_word' id='word_1_268' title='bbox 806 4233 912 4280; x_wconf 74' lang='lat' dir='ltr'><strong><em>aurata</em></strong></span> <span class='ocrx_word' id='word_1_269' title='bbox 928 4227 1022 4293; x_wconf 73' lang='lat' dir='ltr'><strong><em>(intra</em></strong></span> <span class='ocrx_word' id='word_1_270' title='bbox 1036 4242 1066 4292; x_wconf 80' lang='lat' dir='ltr'><strong><em>p.</em></strong></span> <span class='ocrx_word' id='word_1_271' title='bbox 1080 4233 1154 4282; x_wconf 74' lang='lat' dir='ltr'><strong><em>xxx,</em></strong></span> <span class='ocrx_word' id='word_1_272' title='bbox 1171 4241 1198 4278; x_wconf 79' lang='lat' dir='ltr'><strong><em>n.</em></strong></span> <span class='ocrx_word' id='word_1_273' title='bbox 1210 4226 1242 4287; x_wconf 80' lang='lat'><strong><em>4)</em></strong></span> 
     </span>
     <span class='ocr_line' id='line_1_35' title="bbox 84 4296 1205 4365; baseline -0.002 -13"><span class='ocrx_word' id='word_1_274' title='bbox 84 4304 173 4352; x_wconf 58' lang='lat' dir='ltr'><strong><em>aaut</em></strong></span> <span class='ocrx_word' id='word_1_275' title='bbox 190 4314 282 4351; x_wconf 80' lang='lat' dir='ltr'><strong><em>nomeu</em></strong></span> <span class='ocrx_word' id='word_1_276' title='bbox 300 4301 433 4365; x_wconf 75' lang='lat' dir='ltr'><strong><em>inteqmuu</em></strong></span> <span class='ocrx_word' id='word_1_277' title='bbox 451 4305 499 4350; x_wconf 86' lang='lat' dir='ltr'><strong><em>aut</em></strong></span> <span class='ocrx_word' id='word_1_278' title='bbox 517 4299 633 4351; x_wconf 77' lang='lat' dir='ltr'><strong><em>litteram</em></strong></span> <span class='ocrx_word' id='word_1_279' title='bbox 651 4299 782 4351; x_wconf 72' lang='lat' dir='ltr'><strong><em>initialem</em></strong></span> <span class='ocrx_word' id='word_1_280' title='bbox 800 4300 857 4351; x_wconf 80' lang='lat' dir='ltr'><strong><em>etus</em></strong></span> <span class='ocrx_word' id='word_1_281' title='bbox 872 4296 904 4352; x_wconf 87' lang='lat' dir='ltr'><strong><em>L.</em></strong></span> <span class='ocrx_word' id='word_1_282' title='bbox 923 4313 966 4350; x_wconf 80' lang='lat' dir='ltr'><strong><em>eos</em></strong></span> <span class='ocrx_word' id='word_1_283' title='bbox 984 4297 1065 4362; x_wconf 78' lang='lat' dir='ltr'><strong><em>leque</em></strong></span> <span class='ocrx_word' id='word_1_284' title='bbox 1080 4297 1205 4364; x_wconf 78' lang='lat' dir='ltr'><strong><em>potuisse.</em></strong></span> 
     </span>
    </p>
   </div>
   <div class='ocr_carea' id='block_1_6' title="bbox 0 0 1431 5026">
    <p class='ocr_par' dir='ltr' id='par_1_8' title="bbox 0 0 1431 5026">
     <span class='ocr_line' id='line_1_36' title="bbox 0 0 1431 5026; baseline 0 0"><span class='ocrx_word' id='word_1_285' title='bbox 0 0 1431 5026; x_wconf 95' lang='lat' dir='ltr'><strong><em> </em></strong></span> 
     </span>
    </p>
   </div>
  </div>
 </body>
</html>
