2842 5026
127 441 183 496 πω
400 432 605 491 usurum
620 430 815 489 murm.
849 432 888 491 Δ.
907 433 993 492 1010.

42 618 121 673 ¹⁰7⁰·
128 620 269 683 tametsi
297 618 401 681 viris·
433 616 579 681 ferenda
608 635 680 681 uon
708 618 840 692 esseut,
869 614 1024 679 tulimus
1053 614 1198 687 tamen,
1228 632 1271 677 ue

12 686 122 737 (ΗΛ
129 712 251 773 contra
273 704 523 781 iusiurandum,
546 723 616 787 quo
636 704 855 781 tenebamur,
878 702 1145 789 precipitantur
1162 700 1268 785 impu·

129 797 320 877 denterque
334 794 453 857 venire
467 793 672 869 videremur,
696 794 734 856 ct
755 791 841 855 dum
863 790 1001 875 gloriae
1022 792 1175 855 nostrae
1192 808 1266 853 oon·

129 883 243 947 sulere
265 901 478 955 conaremur,
501 880 638 945 animae
660 878 885 965 naufragium
906 882 1129 963 pateremur.
1163 876 1264 944 Nunc

129 992 220 1037 vero.
251 962 351 1034 cmnb
377 968 422 1033 ab
451 968 640 1033 aecclesiae
667 988 812 1053 corpore
840 970 987 1053 propter
1010 966 1161 1051 flagicia
1181 968 1281 1033 sua¹s

129 1058 312 1143 apostolici
334 1056 568 1121 anathematis
582 1075 748 1121 mucrone
769 1056 925 1141 precisus
939 1056 998 1133 sit,
1022 1076 1109 1121 oum
1127 1054 1163 1121 ei
1177 1076 1260 1121 oon·

130 1146 306 1211 municare
328 1145 403 1209 sine
425 1144 678 1208 communionis
692 1144 948 1210 ecclesiasticae
963 1144 1100 1209 damno
1121 1146 1161 1210 et
1182 1144 1257 1211 adei

129 1235 264 1299 iactura
287 1254 357 1297 non
379 1233 559 1316 possimm,
590 1253 670 1297 cum
693 1232 798 1297 fidem
820 1234 988 1309 normam,
1019 1232 1147 1297 multis
1168 1234 1254 1319 apud

130 1344 209 1387 eum
238 1321 463 1385 sacramentis
490 1319 708 1405 implicitam,
737 1320 917 1385 Romanus
938 1320 1105 1405 pontifex
1127 1326 1252 1407 aposto

129 1409 198 1475 lica
220 1409 430 1473 auctoritate
451 1408 671 1492 explicuerit:
695 1412 871 1474 extremae
885 1408 1048 1494 profecto
1064 1408 1275 1479 clementiaco

131 1503 241 1563 esset‘
269 1497 437 1560 divinitus
465 1496 620 1561 oblatam
650 1496 775 1561 salutis
800 1496 1020 1563 occasionem
1042 1518 1116 1563 non
1137 1498 1244 1579 obviis,

130 1591 171 1650 ut
194 1586 264 1650 dici
286 1585 376 1649 solet
385 1586 407 1653 ².
431 1585 592 1650 manibus
614 1584 782 1669 excipere,
806 1588 844 1651 et
865 1586 961 1668 qnod
981 1586 1055 1649 iam
1079 1582 1163 1651 diu⁴¹
1183 1610 1244 1673 pre

131 1673 338 1739 meditatum
366 1672 423 1748 sit,
458 1676 500 1736 ut
528 1677 664 1757 agatur,
693 1678 769 1737 tum
796 1676 972 1757 oportuno
999 1677 1159 1758 tempore
1185 1698 1240 1745 uon

131 1783 243 1847 agere.
267 1782 346 1825 eum
370 1761 465 1845 leges
487 1762 661 1827 humanae
683 1764 721 1827 et
742 1760 1000 1828 ecclesiasticae
1022 1762 1151 1841 sinaut,
1175 1784 1238 1833 cua

131 1850 228 1915 locus
261 1853 298 1913 et
331 1852 470 1934 tempus
502 1850 690 1927 arrideant,
721 1870 802 1914 cum
830 1849 982 1934 denique
1012 1851 1139 1929 omnia,
1166 1874 1262 1937 quaes

132 1938 211 2024 paci
233 1938 288 2002 vel
318 1936 411 2003 bello
440 1938 519 2001 usui
548 1958 623 2003 esse
649 1937 773 2016 solent,
803 1938 1042 2005 conficiendae
1063 1942 1181 2007 tautae
1197 1947 1234 2011 rei

132 2027 285 2092 favorem
323 2045 424 2091 suum
463 2026 696 2109 polliceantur
703 2026 727 2089 ⁸.
788 2024 1012 2112 Quapropter
1048 2032 1233 2115 contemptis
1295 2062 1297 2081 =

130 2115 287 2179 inanium
309 2116 592 2199 argumentorum
615 2115 796 2192 cuniculis,
826 2116 954 2199 quibus
975 2116 1095 2182 denuo
1121 2118 1157 2181 iu
1181 2140 1232 2187 cer
1295 2122 1297 2183 l

131 2206 223 2269 vices
244 2203 471 2288 iugulosquee
498 2208 634 2268 nostros
656 2203 748 2267 riam
777 2202 897 2287 gladio
925 2224 991 2270 suo
1013 2204 1164 2277 affectat,
1187 2209 1231 2275 in·
1295 2198 1297 2215 '

132 2292 308 2357 mobiliter
329 2292 445 2356 animo
467 2292 573 2356 lixum
596 2297 765 2370 tenemus,
788 2295 830 2356 ut
844 2292 976 2376 absque
998 2292 1075 2359 ulla
1089 2294 1258 2365 dilationes
1294 2250 1297 2373 i

1 2382 243 2453 ¹ranserirum
267 2379 366 2444 nobie
388 2380 639 2463 provideamus,
662 2381 723 2464 qui
745 2381 911 2465 precedat
932 2376 1019 2447 uos‘
1037 2386 1075 2447 et
1090 2382 1232 2467 prelietm
1295 2398 1297 2421 ²

27 2494 125 2543 nan.
133 2470 263 2536 bellum
279 2468 422 2533 Domini
444 2468 489 2531 ad
504 2469 771 2553 expugnandam
793 2472 830 2533 ct
849 2469 1099 2535 destmeudam
1119 2492 1232 2539 omnem

133 2559 378 2639 cuiuscumque
410 2556 560 2620 hominis
593 2557 816 2622 altitudinem
853 2557 1048 2623 elevantem
1084 2566 1119 2622 et
1149 2562 1232 2624 extol·

7 2670 56 2713 cor.
64 2671 124 2713 ms.
133 2649 262 2711 lentem
287 2666 322 2709 se
339 2647 501 2709 adversus
525 2646 698 2709 iusticiam
722 2648 758 2710 et
773 2647 956 2710 veritatem
972 2645 1042 2711 Dei
1066 2651 1100 2712 et
1116 2656 1232 2713 sanctae

132 2737 308 2799 Romanae
331 2734 517 2798 aecclesiae
540 2734 807 2798 auctoritatem'.
854 2735 897 2797 In
928 2737 1015 2800 haec
1039 2736 1142 2800 rerba
1162 2736 1259 2819 lega-a

133 2830 189 2889 tos
212 2824 302 2904 regis
327 2823 541 2886 dimiserunt.

242 2912 372 2974 Iterum
397 2911 483 2973 alios
507 2916 611 2993 atque
634 2911 721 2974 alios
745 2912 849 2987 misit,
874 2912 1012 2975 nullum
1035 2914 1233 2997 supplicatio·

133 3002 186 3065 nis
202 3022 320 3083 genus.
346 3000 437 3081 quod
454 3000 694 3082 impediendae
719 2996 852 3064 'tantae
875 3001 926 3064 rei
941 3002 1135 3083 proficuum
1156 3004 1297 3085 puta-‘ma

132 3093 238 3154 retur.
271 3089 539 3170 pretermittens.
586 3088 653 3151 Sed
684 3088 737 3150 illi
768 3089 805 3151 in
835 3090 956 3153 eadem
991 3091 1165 3154 sententia
1190 3089 1236 3151 fixi

132 3177 367 3258 obstinatique
402 3177 598 3240 manebant.
652 3176 796 3259 Iamque
831 3180 978 3259 utraque
1010 3199 1051 3242 ex
1083 3182 1178 3261 parte
1202 3176 1263 3239 ado

133 3288 294 3349 magnum
320 3266 503 3328 discrimen
533 3284 587 3327 res
617 3265 990 3347 spectarevidebatur.
1038 3265 1193 3349 Denique
1211 3268 1237 3329 et

132 3357 192 3418 hie
218 3374 333 3417 recem
358 3353 464 3415 alium
488 3353 553 3415 sibi
578 3353 736 3435 protinus
759 3354 971 3418 constituere
994 3359 1030 3418 et
1054 3356 1239 3419 transmisso

132 3408 275 3507 ΒὶιριιοἮ
296 3443 401 3504 fluvio
417 3475 461 3485 -
477 3442 653 3524 navigium
677 3442 768 3505 enim
792 3462 893 3506 omne
916 3442 1101 3526 episcopus
1117 3444 1239 3527 Mogon-

130 3525 242 3595 ῒὶιιιιεἰ
282 3531 318 3592 in
352 3552 427 3593 eam
462 3531 571 3612 ripam
608 3534 767 3611 coegerat
801 3564 845 3573 -
879 3531 1036 3614 proxima
1071 3531 1150 3596 luce
1182 3531 1243 3613 regi

132 3620 298 3684 Heinrico
322 3640 415 3681 arma
439 3619 568 3682 inferre
592 3618 777 3700 parabant;
802 3624 837 3682 et
861 3618 931 3691 ille,
956 3620 1067 3683 incisa
1090 3641 1152 3704 spe
1174 3620 1270 3683 dila-a

132 3709 237 3771 tionis
260 3709 507 3790 impetrandae.
532 3728 621 3772 suos.
646 3708 705 3789 qui
728 3727 789 3789 per
805 3708 977 3790 proximas
993 3708 1096 3771 villas
1112 3709 1246 3793 dispersi

131 3865 223 3909 mium
239 3864 285 3903 na.
348 3861 499 3905 maana.
566 3862 722 3903 c‚esrB1.2.
790 3859 904 3909 dilaudiu
918 3862 965 3905 Bi.
1033 3862 1250 3913 e)iugllosqueA1.

131 3916 550 4008 natm.ltll;›.l·gllrilh.1.ltl.2.
600 3915 1127 3966 bllenolti;Rbenldlnfipjldmn.
1181 3918 1250 3963 buo·

131 3984 146 4020 g
147 3980 225 4010 tttttttt
227 3984 237 4009 s
305 4001 311 4010 .

134 4100 159 4151 ll
184 4096 323 4159 Principes
347 4094 443 4144 melius
467 4095 598 4143 aiterum
624 4098 677 4143 tres
701 4109 807 4157 cauare,
833 4093 930 4159 quitus
952 4108 1027 4161 popo
1052 4110 1080 4145 se
1102 4102 1285 4147 commorasse)

131 4168 211 4229 dizit,
233 4174 261 4216 at
281 4182 365 4230 repens
384 4166 620 4216 ercommmn'curel
639 4164 782 4227 (Grepors'r‘
792 4166 878 4229 epist,
897 4163 983 4229 Joffe',
1000 4164 1069 4215 Bibl.
1084 4164 1124 4228 II,
1140 4182 1171 4232 p.
1181 4166 1254 4231 539),

131 4254 199 4301 qaus
226 4239 304 4288 etium
332 4236 447 4301 sirnpleoe
471 4236 619 4286 Marianus
643 4235 759 4298 Scottus,
788 4235 837 4287 SS.
862 4235 892 4299 1',
919 4252 947 4301 p.
969 4237 1037 4301 561,
1066 4236 1128 4287 bene
1155 4238 1256 4292 retulit.

132 4314 160 4372 2)
179 4308 221 4372 Cf,
240 4322 325 4372 stepro
342 4323 369 4371 p.
384 4309 427 4369 75,
446 4322 472 4360 o.
485 4308 511 4359 3.
601 4309 630 4371 3)
656 4305 722 4357 Eoos
740 4309 836 4358 ilerum
854 4305 935 4358 hodes
951 4322 1098 4357 marones·
1116 4306 1258 4373 Lampsa

133 4378 169 4426 ml
187 4379 290 4440 fratres
308 4376 515 4440 Herefeldmsee,
538 4392 590 4442 quo
609 4379 648 4428 eie
661 4378 826 4442 peruadere
843 4377 935 4441 solnsb
962 4382 991 4428 ut
1007 4384 1115 4445 punem
1133 4378 1259 4431 Heinrici

132 4450 205 4510 repis
221 4449 376 4500 desererent.
1267 4464 1293 4503 as
