2842 5026
443 443 643 506 LAMPERTI
660 450 849 507 ANNALES.
887 450 922 505 Δ.
943 455 1020 508 1071.
1246 456 1296 508 131

168 631 294 696 fatalis
325 636 425 698 esset.
472 631 573 712 Quod
601 654 720 698 verum
754 634 861 698 fuisse
895 634 1072 698 oraculum
1108 634 1295 698 multarum

169 721 466 785 nobilissimarum
495 723 533 785 in
556 720 680 786 Galliis
711 722 891 786 civitatum
920 723 1091 806 hodieque
1122 726 1297 788 testantur

169 810 318 883 excidia,
350 811 387 873 in
408 813 546 874 tantum
569 814 610 874 ut
632 810 768 893 gladius
791 811 865 895 ipse
887 811 1014 876 vindex
1040 812 1111 876 irae
1135 811 1201 876 Dei
1225 813 1295 877 sive

169 897 353 981 flagellum
376 898 442 965 Dei
468 920 490 963 a
512 899 667 964 barbaris
690 919 824 982 quoque
848 899 1031 964 diceretur.
1078 900 1185 977 Haec,
1216 921 1295 983 quo·

148 986 267 1055 eniam
291 986 401 1069 gladii
423 988 526 1051 huius
549 988 680 1053 mentio
706 988 910 1065 inciderat⁸‚
943 1008 1004 1072 per
1026 1009 1201 1053 excessum
1225 991 1295 1053 sint

169 1074 278 1138 dicta.

280 1164 363 1241 Rex,
394 1164 575 1247 magnifice
598 1185 639 1229 ao
662 1164 826 1248 regaliter
849 1169 969 1228 curato
991 1165 1124 1241 funere,
1155 1166 1294 1249 Mogon·
1307 1173 1384 1227 1071.

170 1251 268 1327 tiam,
294 1253 385 1316 sicut
407 1253 617 1330 instituerat,
643 1253 849 1337 properarit.
890 1251 1065 1336 Cumque¹
1089 1257 1223 1318 statuta
1239 1255 1414 1328 diemaro)

170 1339 206 1401 in
241 1333 386 1405 sinodob
422 1362 502 1406 cum
535 1341 704 1426 episcopis
735 1341 928 1417 assedisset,
959 1342 1080 1405 aderat
1109 1341 1293 1419 Karolus0,

141 1428 319 1499 sederant
353 1433 389 1495 et
421 1430 548 1494 fratres
579 1430 870 1503 Constantienses,
906 1450 1067 1512 magnam
1101 1431 1133 1494 ei
1168 1431 1294 1495 molem

172 1517 355 1581 criminum
379 1518 603 1583 obiectantes.
649 1517 780 1582 Contra
802 1539 886 1601 quos
908 1538 978 1596 rex,
1007 1522 1176 1602 quantum
1200 1520 1295 1583 salva

171 1607 382 1670 verecundia
403 1609 551 1690 poterat,
583 1606 703 1672 dedita
725 1628 830 1691 opera
852 1606 1031 1670 nitebatur
1054 1610 1090 1672 et
1113 1609 1215 1672 modo
1238 1609 1293 1672 ob·

125 1693 261 1764 reiecta
297 1715 459 1778 purgare,
495 1689 618 1760 modod
655 1692 803 1780 ‘pondus
837 1695 1064 1772 obiectorum,
1101 1717 1188 1778 quae
1223 1718 1294 1761 non

173 1786 310 1867 poterat
326 1804 483 1868 purgare,
501 1783 636 1848 callidis
648 1785 863 1849 sermonibus
875 1785 1083 1848 conabatur⁰
1101 1788 1292 1861 attenuare,

147 1871 375 1955 uplerumque
404 1872 510 1937 etiam
532 1873 738 1936 instantium
763 1893 802 1937 ac
827 1873 1085 1956 perurgentium
1109 1874 1293 1956 procacita-

172 1962 241 2024 tem
257 1961 371 2025 verbis
387 1960 584 2025 durioribus
600 1961 808 2045 corripiebat
830 1981 870 2024 ac
893 1961 1019 2024 frontis
1041 1961 1293 2043 impudentiam

172 2042 351 2132 oppositas
378 2049 596 2114 auctoritatis
623 2069 704 2114 suae
733 2049 912 2113 maiestate
935 2049 1125 2133 refringere
1148 2052 1292 2133 tempta·

172 2137 240 2200 bat.
289 2137 442 2200 Primum
466 2142 502 2203 et
524 2139 714 2203 secundum
738 2138 828 2202 diem
851 2138 889 2200 in
911 2139 978 2201 hoo
1000 2138 1144 2222 negocio
1167 2139 1408 2209 insum-(suan.

169 2225 241 2309 psit
250 2226 272 2286 ².
325 2224 480 2309 Cumque
509 2230 748 2290 accusatorum
783 2226 1014 2290 constantiam
1048 2247 1111 2291 nec
1146 2227 1292 2291 veritate

137 2315 401 2397 aresponsionis
431 2336 494 2379 nec
525 2318 600 2380 arte
631 2314 791 2379 dictionis
821 2315 961 2379 eludere
990 2317 1114 2398 posset,
1146 2316 1190 2377 ad
1213 2315 1291 2377 ulti·

167 2423 274 2479 mum,
299 2402 453 2486 probatis
469 2423 557 2486 quae
573 2403 708 2468 obiecta
730 2403 872 2468 fuerant
895 2403 1104 2477 criminibus,
1130 2403 1291 2467 baculum

168 2491 399 2574 episcopalem
422 2491 466 2556 ab
490 2512 531 2556 eo
554 2492 695 2575 recepit.
733 2491 856 2556 Verbis
878 2495 996 2556 tamen
1020 2491 1292 2575 exquisitissimis
1301 2515 1368 2562 (aa
1376 2516 1419 2565 a).

170 2580 361 2643 mesticiam
384 2581 457 2645 eius
476 2579 728 2655 consolabatur,
753 2580 969 2663 promittens,
994 2581 1095 2663 quod,
1121 2580 1203 2643 dum
1227 2580 1292 2663 pri-

168 2689 264 2731 mum
295 2668 361 2731 sibi
391 2672 600 2752 oportunum
630 2669 737 2745 lieret,
769 2668 920 2752 benigna
941 2669 1016 2732 vice
1042 2669 1133 2733 hanc
1157 2668 1292 2733 calami·

125 2758 278 2823 estatem
311 2757 342 2821 ei
373 2759 620 2840 compensaret.
667 2757 757 2840 Ipsis
788 2756 909 2821 diebus
938 2757 1072 2841 regina,
1104 2778 1191 2841 quae
1222 2779 1292 2822 una

169 2865 248 2909 cum
278 2865 360 2928 rege
383 2845 605 2929 Mogontiae⁸
637 2845 772 2920 aderat,
804 2845 914 2908 filium
945 2846 1080 2929 peperit
1089 2846 1110 2907 ³.
1164 2846 1232 2910 Sed
1262 2846 1292 2909 is

168 2933 364 3016 baptizatus
387 2935 505 2997 statim
529 2934 617 2998 obiit
639 2933 843 3017 delatusque
866 2934 902 2996 in
927 2933 1146 3018 Hartesburg
1171 2934 1221 2998 ibi
1244 2955 1292 2999 se
1372 2951 1374 2956 ⁴

168 3020 289 3105 pultus
327 3026 389 3086 est.
447 3022 694 3106 Episcopatum
733 3021 1033 3087 constantiensem
1070 3043 1130 3087 rex
1169 3021 1292 3087 Ottoni

125 3131 158 3176 u.
167 3111 335 3174 canonico
373 3109 585 3175 Goslariensi
623 3106 768 3187 'defflt⁴‚
811 3111 1027 3195 recentisque
1069 3103 1286 3175 calumniaeh

130 3199 326 3283 „exemplo
350 3200 558 3264 conterritus
587 3199 769 3264 confestim
793 3220 872 3264 eum
896 3199 1088 3263 consecrari
1117 3199 1215 3274 fecit,
1247 3220 1290 3263 ne

166 3287 244 3371 quis
268 3288 401 3352 scilicet
423 3288 585 3353 adversus
616 3309 695 3353 eum
725 3288 907 3371 scrupulus
931 3287 1045 3351 denuo
1072 3307 1134 3370 per
1157 3286 1290 3350 dilatio·

165 3397 247 3440 nem
271 3377 538 3441 consecrationis
562 3377 719 3441 oriretur.

276 3465 374 3529 Inter
397 3466 519 3530 ducem
543 3465 773 3529 Polenorum⁵
794 3468 830 3529 et
853 3463 975 3528 ducem
992 3457 1291 3528 Beheimorum¹·⁶

165 3654 357 3704 a)incidat131·.
425 3654 448 3702 b)
462 3666 511 3704 syn.
526 3655 572 3696 Al.
587 3654 645 3697 131¹.
654 3656 672 3697 2.
733 3653 754 3701 c)
768 3654 861 3694 Carolus
876 3656 922 3695 Al.
983 3653 1006 3704 (1)
1021 3654 1085 3693 modo
1099 3675 1126 3683 -
1140 3664 1235 3703 purgare
1250 3664 1291 3696 om.

129 3707 227 3750 mile.
282 3716 303 3747 el
317 3708 430 3747 nitebatur
443 3709 501 3749 131¹.
509 3709 528 3750 2.
590 3708 608 3757 1)
621 3709 724 3757 apposita
738 3707 798 3750 Blb.
858 3707 881 3756 g)
895 3708 1010 3757 Mogentle
1024 3708 1071 3750 ΒΞ.
1129 3708 1152 3759 b)
1166 3708 1290 3756 columpnis

165 3760 186 3798 B
195 3762 215 3802 2.
271 3760 287 3805 l)
302 3761 458 3799 Bohelruorum
472 3762 535 3812 Μῦς
551 3761 707 3801 Bohcmlorum
721 3762 767 3802 Bt.

168 3922 194 3983 1)
216 3919 260 3969 Ad
277 3921 412 3985 sequeutia
431 3920 465 3982 rs.
480 3921 547 3970 Aeto
564 3921 662 3986 synodi
678 3921 854 3987 Mopuntinue
872 3927 894 3970 et
913 3922 987 3986 qsrbt.
1006 3920 1141 3986 Siprfrs'dr'
1156 3920 1189 3970 de
1206 3936 1236 3970 eu
1255 3919 1291 3969 ed

165 3991 356 4040 Aleoeondrum
375 4007 466 4057 popae
491 3992 661 4056 reforma,
688 3991 777 4056 Jaffel,
799 3991 868 4044 Bibl.
889 3991 919 4054 V,
934 4008 964 4057 p.
978 3994 1093 4055 70-81,
1118 4006 1162 4044 nr.
1176 3993 1220 4044 37.
1239 3991 1291 4050 38,·

166 4061 302 4114 Barbati.
322 4063 408 4127 (Anu.
428 4062 456 4115 S.
470 4062 581 4126 Blasii),
600 4063 648 4116 SS.
666 4064 695 4125 V,
710 4080 739 4128 p.
753 4064 824 4123 ‘275,·
848 4062 922 4115 Mar.
941 4062 1053 4128 Scottus,
1072 4061 1119 4114 SS.
1137 4062 1167 4124 V,
1185 4077 1215 4126 p.
1228 4063 1289 4115 560.

126 4132 211 4195 son.
231 4132 335 4194 Ronlre,
354 4133 471 4183 ‘Werlce'
490 4132 539 4196 LI,
554 4150 582 4199 p.
598 4137 649 4188 135
660 4149 698 4199 sq.
761 4130 1290 4198 2)Nonrrabus,socqaatuordieb1a

165 4205 197 4252 in
214 4203 317 4266 synodo
340 4203 372 4254 de
389 4204 439 4254 buc
458 4220 487 4254 rc
510 4210 598 4254 oetam
624 4219 676 4254 esse
697 4210 771 4269 pala
793 4220 826 4253 ea
845 4205 911 4253 actis
930 4202 1057 4256 aaran
1095 4202 1134 4252 De
1152 4201 1291 4251 triduanis

165 4273 304 4339 colloquiis
322 4273 463 4339 Lanrperti
488 4275 543 4325 eide
561 4274 764 4337 Dicffcnbccber
778 4291 807 4341 p.
826 4277 910 4339 bllcq.
929 4276 981 4334 72,·
1006 4274 1086 4337 infra
1100 4289 1130 4339 p.
1144 4273 1205 4335 143,
1223 4289 1250 4325 n.
1263 4275 1288 4326 3.

165 4345 195 4410 3)
220 4345 262 4406 Of.
283 4345 354 4398 Ana.
375 4345 464 4399 aldeb.
487 4362 516 4411 p.
536 4347 579 4398 84.
661 4347 688 4409 4)
712 4345 755 4408 Cf.
775 4346 862 4397 Gosuc
879 4343 1026 4398 Paretur.
1048 4360 1069 4398 o.
1087 4347 1131 4409 27,
1155 4343 1204 4397 SS.
1223 4343 1288 4407 XX,

164 4434 192 4482 p.
214 4416 275 4469 645.
355 4419 381 4481 ὁ)
401 4416 552 4468 Boleslaum
571 4415 616 4477 II,
639 4415 769 4466 ornante-2·
787 4416 809 4470 I.
833 4415 928 4480 filiunr.
1001 4417 1028 4479 6)
1053 4415 1230 4467 Wrattbloum
1249 4414 1288 4468 II.
