2842 5026
137 436 192 493 272
411 428 614 487 minnan
630 426 821 487 essm
856 429 894 486 A.
913 430 996 487 lim·
1096 376 1104 387 ι

50 614 377 736 ἓλῧίὶνθᾷρτογὶιιοωςρ,
405 634 476 716 non
499 613 608 717 ductu
630 611 853 715 auspicioque
875 612 1089 697 principum,
1121 608 1186 675 sed
1209 608 1274 692 pn'-

140 710 229 769 vatis
252 704 387 777 studns,
417 704 562 786 privatus
589 720 755 785 impensus
783 698 915 767 bellum
937 718 1063 785 gerere
1086 716 1274 783 proposse

138 796 233 870 rant,
269 791 335 855 sibi
370 791 548 868 dimicare,
583 789 664 867 sibi,
699 788 729 853 si
762 788 859 855 Deus
892 788 1097 865 annnorit‘,
1131 786 1273 851 sincere

140 880 263 966 parati,
294 899 358 945 nec
388 878 483 943 aliud
514 900 536 943 a
564 898 737 962 quoquam
766 876 917 943 miliciae
942 896 1028 943 suse
1052 874 1272 963 stipendium

139 968 370 1054 prestolantes
387 987 491 1051 quam
510 959 718 1051 coniugumb
736 965 993 1051 liberorumque
1015 984 1164 1031 suorum
1183 962 1291 1028 salu-s

139 1063 226 1133 tem,
257 1060 362 1139 atque
396 1059 437 1119 ut
466 1076 487 1119 a
517 1054 708 1121 cervicibus
741 1055 813 1119 suis
846 1054 1054 1119 durissimae
1088 1052 1270 1119 servitutis

140 1146 261 1229 iugum
284 1146 496 1209 excuterent.
531 1144 632 1228 Ipsos
654 1143 802 1227 denique
825 1142 1009 1229 principes,
1033 1142 1066 1207 si
1088 1142 1218 1217 obniti,
1239 1142 1269 1206 si

141 1234 395 1299 contrahiscere
420 1236 644 1317 temptarent,
676 1230 852 1317 dissipatis
872 1230 948 1297 rele
975 1230 1131 1297 incensis
1163 1230 1268 1295 omni-

142 1323 206 1387 bus
229 1342 317 1405 quae
340 1342 459 1386 eorum
481 1323 606 1398 essent,
637 1320 758 1404 procul
788 1319 912 1405 patriis
939 1320 1070 1385 linibus
1092 1318 1267 1403 expellere

141 1409 394 1475 minabantur-¹.
423 1409 480 1473 Ad
496 1408 659 1474 ultimum
675 1428 717 1474 eu
731 1412 848 1475 mente
862 1428 935 1475 rem
950 1408 1143 1493 gerendam
1158 1426 1299 1473 susce-ro

141 1502 274 1584 perant,
294 1501 335 1561 ut
349 1497 406 1564 vel
420 1498 599 1563 vincerent
614 1497 790 1563 obstinate
804 1496 860 1563 rel
875 1500 1103 1563 morerentur.
1134 1494 1264 1561 Ultima

142 1588 338 1672 desperatio
362 1587 410 1651 sic
430 1586 548 1651 studia
568 1586 853 1661 inflammaverat,
877 1586 1041 1670 quoniam
1057 1588 1157 1651 certe
1171 1604 1263 1670 supe

141 1676 291 1741 rioribus
313 1675 413 1739 annis
436 1675 645 1740 documenta
667 1668 853 1759 ceperaut‘1
873 1674 1008 1739 nullam
1031 1674 1128 1759 apud
1150 1694 1257 1759 regem

141 1765 243 1830 victis
273 1784 346 1829 esse
376 1784 472 1848 spem
495 1764 625 1839 veniae,
656 1783 735 1828 cum
764 1763 984 1829 ferocitatem
1013 1762 1167 1848 pectoris
1190 1762 1256 1828 eius

143 1856 180 1918 et
209 1852 420 1918 inexorabile
451 1852 612 1917 Saxonici
642 1850 792 1917 nominis
821 1852 941 1917 odium
974 1872 1040 1917 nec
1069 1850 1274 1925 voluntariis
1302 1866 1304 1873 '

143 1941 276 2007 deditio
299 1940 494 2066 prirpcipum
518 1961 582 2006 nec
604 1944 725 2005 tantus
747 1940 785 2005 in
800 1940 987 2027 'intingis‘
1006 1940 1108 2005 fusus
1125 1942 1246 2025 unguis

143 2030 359 2096 restinxisset
385 2031 423 2091 ·².

251 2118 367 2202 Igitur
396 2117 457 2182 ubi
487 2137 548 2201 per
571 2116 754 2182 Saxoniam
776 2136 896 2182 rumor
917 2115 1142 2202 percrebruit,
1169 2122 1238 2203 quoi

143 2227 203 2272 rex
226 2206 475 2272 conterminam
497 2206 598 2289 regni
619 2205 780 2271 Saxonici
802 2206 1002 2271 marcham‘
1018 2202 1235 2273 muneram*

144 2296 237 2361 ferro
261 2299 297 2360 et
319 2294 400 2379 igne
419 2294 699 2379 depopularetur,
723 2294 768 2359 ed
783 2314 881 2359 arma
894 2293 1130 2372 conclamant;
1151 2296 1260 2365 mults

145 2384 242 2448 milia
265 2384 444 2448 hominum
468 2382 564 2448 brevi
586 2387 807 2461 concurrunt,
838 2382 1043 2449 eormrendi
1068 2384 1236 2451 masma

144 2464 374 2537 intolerabili¹
404 2472 543 2536 fervent
573 2470 753 2549 desiderio,
784 2470 922 2537 obviam
950 2470 1002 2537 ire
1025 2469 1176 2537 hostibus
1192 2494 1235 2537 un·

146 2562 252 2624 animi
277 2560 457 2624 alacritate
481 2560 708 2624 contendunt.
747 2559 815 2625 Sed
838 2553 1023 2643 quoniam¹¹
1043 2558 1235 2625 accelerando

146 2650 262 2714 itineri
286 2650 390 2713 turba
411 2650 635 2732 frequentior,
660 2649 764 2712 armis
782 2652 887 2732 atque
910 2648 987 2712 aliis
1010 2648 1236 2731 impedimentis

145 2738 325 2821 implicita,
351 2759 472 2821 parum
497 2758 558 2821 pro
582 2740 662 2801 voto
687 2741 843 2820 satagere
867 2737 1015 2809 valebat,
1041 2736 1105 2800 filii
1120 2735 1263 2801 Geroniss
1302 2810 1304 2831 Ι

41 2828 45 2837 ’
147 2827 282 2892 comitis
310 2826 494 2909 assumptis
518 2846 633 2890 secum
656 2825 728 2888 VII
751 2826 892 2890 milibus
915 2825 1152 2910 expeditorum
1171 2826 1239 2908 equi·

146 2921 221 2979 tum
257 2936 389 2978 summo
424 2915 516 2991 nisu,
557 2915 798 2979 ardentissima
831 2915 938 2979 cicius
972 2914 1172 2979 conficiendi
1200 2932 1241 2977 ne

146 3005 236 3088 gocii
267 3004 434 3068 aviditate
464 3004 501 3065 in
531 3023 710 3067 occursum
740 3006 936 3086 properant.
990 3001 1123 3082 Quodsi
1150 3021 1246 3085 regem

147 3093 310 3176 consequi
349 3095 384 3156 et
423 3094 471 3155 sio
511 3092 655 3156 efferato
694 3091 818 3167 milite,
858 3092 906 3155 sic
945 3091 1160 3156 ferventibus
1193 3094 1247 3153 stu·

148 3182 213 3245 diis
248 3182 346 3263 signa
385 3181 541 3244 conferre
580 3180 795 3263 contigisset,
835 3185 875 3243 ut
909 3180 1098 3244 multorum
1133 3178 1278 3247 ferebsta

147 3271 273 3353 opinio,
299 3273 449 3332 tractum
474 3273 529 3334 tot
552 3268 652 3331 annis
676 3267 805 3332 bellum
830 3268 1037 3333 Saxonicum
1060 3267 1158 3332 facili
1180 3288 1254 3331 com·

147 3358 274 3442 pendio
304 3358 502 3421 confectum
531 3357 666 3433 fuisset,
697 3361 733 3421 et
765 3377 881 3440 regem
911 3349 1160 3439 cunctumque¹
1193 3357 1259 3420 eius

148 3447 351 3511 comitatum
375 3447 449 3510 vel⁰
475 3466 566 3510 mors
594 3446 785 3509 certissima
807 3445 882 3510 vel⁰
906 3445 1097 3530 ignominia
1124 3444 1261 3509 difficile

147 3535 319 3599 abolenda
342 3540 552 3617 occupasset.
592 3534 681 3597 Nam
706 3537 821 3617 preter
844 3534 1033 3599 exercitum
1056 3533 1264 3607 Boemicum,

148 3623 207 3705 qui
235 3643 297 3686 nec
322 3624 394 3706 ipse
418 3624 492 3688 vel⁰
517 3624 620 3687 armis
642 3622 717 3687 vel⁰
744 3643 887 3687 numero
909 3622 985 3687 vel⁰
1010 3622 1142 3686 virtute
1169 3625 1299 3689 tantos

148 3711 292 3793 negocio
323 3730 358 3774 se
391 3733 507 3794 parem
539 3713 748 3794 prestiterat,
782 3711 1005 3794 paucissimos
1027 3730 1144 3775 secum
1169 3710 1270 3775 habe·

149 3799 219 3874 bat,
245 3801 405 3881 quoniam
422 3820 713 3883 supervacaneum
729 3799 919 3863 arbitratus
939 3800 1055 3864 fuerat
1070 3798 1273 3863 Teutonicis

149 3885 318 3951 militibus
340 3890 414 3950 tam
437 3889 646 3971 longinquae
663 3888 920 3972 expeditionism
936 3888 1089 3952 laborem
1106 3887 1274 3963 indicere,

148 4027 171 4073 e)
184 4029 294 4064 annueret
308 4026 327 4063 A
336 4026 355 4063 1.
364 4027 397 4064 1⁸.
451 4024 475 4067 bi
489 4025 617 4073 coniugium
631 4026 679 4064 Bi.
730 4027 752 4072 e)
766 4028 789 4064 et
803 4025 861 4072 131⁸,
877 4028 900 4062 ut
913 4024 1038 4073 neptuim
1051 4034 1131 4062 musso
1145 4023 1222 4063 ultera
1232 4036 1278 4074 pre

149 4079 335 4118 relletoccod.
404 4075 606 4127 dltemsslb.
674 4077 870 4126 s)'l'bur.Bl.t.
940 4077 1304 4129 transmissurum

148 4142 218 4180 supra
227 4143 253 4179 p.
264 4134 311 4180 211,
326 4132 342 4171 1.
353 4132 385 4170 til.
403 4131 449 4177 itt,
464 4132 479 4170 1.
491 4132 525 4170 20.
580 4132 604 4181 g)
618 4132 800 4172 marcblemAl.
810 4133 840 4170 1⁸.
893 4130 917 4180 b)
931 4130 1076 4171 Misenensem
1090 4130 1144 4180 Δις
1159 4130 1193 4177 rr.
1207 4141 1279 4180 cupre

145 4184 228 4285 wil,
243 4186 259 4275 p
269 4186 304 4223 ³1.
316 4186 365 4267 ἔτι),
380 4186 396 4223 1.
406 4185 428 4224 8.
469 4184 687 4233 minianenses.
729 4183 888 4234 k)qffi0131b.
929 4183 945 4233 l)
959 4184 1148 4233 meumqucmt.
1193 4186 1280 4231 mm·

201 4248 262 4276 cons
275 4238 337 4276 Bl.

151 4341 178 4405 1)
196 4341 238 4405 Of.
257 4359 343 4410 ειιρνα
357 4360 387 4408 p.
400 4346 462 4408 211,
480 4344 497 4396 l.
511 4346 625 4399 15-17.
702 4345 730 4412 2)
746 4344 869 4410 Longam
887 4344 957 4397 boec
973 4343 1195 4396 declamationem
1215 4344 1282 4395 sleu-

150 4413 247 4463 strcos't
264 4415 453 4480 massasque
469 4414 604 4467 Deltrack
619 4432 648 4484 p.
660 4418 775 4472 59—61.
805 4416 849 4481 Of.
866 4431 953 4483 supra
966 4416 1063 4482 2228
1074 4430 1115 4483 eq·
1133 4416 1191 4471 280
1204 4430 1246 4483 eq.
1290 4432 1304 4471 s
