2842 5026
117 464 169 519 162
390 454 593 514 mmmm
609 454 800 513 limnas,
836 454 874 513 A.
893 460 971 515 1078.

30 626 108 743 Ἥ·
118 648 176 709 tus
200 644 304 709 etiam
329 642 455 705 damno
479 638 700 705 castellorum
724 658 874 719 suorum,
904 660 1052 725 qnorum
1081 638 1156 703 alia
1179 638 1252 701 iam

104 726 231 817 ¹capta,
262 731 332 795 alia
361 750 494 794 summo
518 728 695 793 molimine
717 728 913 813 oppugnari
939 728 1118 803 audiebat,
1152 746 1253 811 roga‘

118 822 169 885 vit
185 818 449 904 Mogontinum²
469 820 505 882 et
520 816 761 882 Colonieusem
780 816 1067 903 archiepiscopos,
1085 818 1129 880 ut
1145 815 1253 880 Saxo

119 930 180 975 nes
203 907 427 973 convenirent
456 911 492 970 et
515 905 666 969 turbatis
688 905 791 970 rebus
814 904 955 990 aliquod
977 905 1177 971 remedium
1201 904 1251 969 in·

119 998 235 1063 venire
265 999 482 1061 conarentur.
529 993 597 1072 Qui
628 993 723 1058 dicto
751 994 1031 1079 obtemperantes
1062 993 1270 1059 mandares

119 1091 201 1150 runt
232 1083 445 1169 principibus
475 1082 659 1159 Senoniae,
693 1087 734 1146 ut
764 1083 830 1147 sibi
858 1082 897 1146 in
926 1082 1140 1149 monasterio
1169 1080 1248 1146 Cor

13 1167 275 1251 m.u.beiensi¹’
312 1172 435 1236 VIIII.
471 1170 648 1235 Kalendas
687 1170 900 1255 Septembris
940 1172 1167 1237 occurrerent
1204 1170 1247 1236 de

120 1262 294 1329 communi
326 1261 506 1325 commodo
535 1259 747 1324 tractaturis.
794 1259 984 1345 Episcopus
1014 1258 1244 1334 Coloniensis,

120 1372 203 1417 casu
232 1350 347 1415 nescio
378 1370 422 1412 an
456 1368 517 1432 per
545 1348 753 1412 industriam
783 1351 988 1426 remoratus,
1020 1349 1079 1413 die
1109 1351 1245 1412 statuto

121 1460 191 1504 non
207 1439 319 1515 venit;
343 1437 488 1502 nuncios
511 1440 629 1501 tamen
644 1436 749 1514 misit,
773 1437 833 1519 qui
856 1456 918 1522 pro
941 1457 977 1502 se
993 1456 1136 1502 causam
1158 1436 1275 1501 dicero

120 1531 208 1603 rent,
233 1526 439 1612 promittens
454 1524 624 1603 omnibns,
649 1546 737 1608 qnae
759 1524 828 1609 ipsi
843 1526 886 1591 de
902 1526 973 1589 suis
990 1526 1111 1609 reique
1134 1524 1241 1609 publi·

122 1638 182 1682 cue
214 1613 428 1680 utilitatibus
457 1613 716 1678 racionabiliter
745 1614 962 1691 statuissent,
994 1633 1031 1679 se
1060 1614 1237 1698 promptis·

122 1706 226 1770 sime0
243 1723 462 1768 assensurum
485 1706 522 1767 et
537 1722 599 1787 pro
616 1702 790 1766 communi
805 1701 918 1767 salute
933 1705 1105 1787 quantum
1128 1708 1236 1787 posset

122 1814 261 1878 operam
296 1793 469 1856 daturum.
521 1790 747 1873 Mogontiuus
780 1790 1061 1875 archiepiscopus
1090 1791 1232 1858 residem
1315 1820 1319 1893 ¹

122 1903 201 1948 cnm
217 1879 419 1958 saxonibus,
444 1879 504 1962 qui
518 1883 749 1956 occurrerant,
774 1879 895 1945 sedulo
917 1879 1099 1945 nitebatur
1120 1900 1281 1977 pacare„

122 1965 201 2037 eos‘¹
228 1969 369 2053 regique
398 1966 630 2033 reconciliare.
676 1966 745 2033 Sed
774 1967 828 2031 illi
857 1970 1000 2033 econtra
1027 1970 1145 2053 preter
1172 1972 1232 2038 ul·

123 2062 222 2144 gatus
256 2057 383 2140 ubique
417 2056 561 2120 iniurias
595 2076 689 2129 suas,
719 2055 846 2140 quibus
875 2055 919 2120 ab
949 2077 991 2122 eo
1020 2058 1246 2133 vehementer

123 2147 238 2212 attriti
267 2147 416 2223 fuerant,
448 2165 568 2229 graves
598 2164 719 2209 causus
742 2144 944 2223 afferebant,
975 2144 1102 2229 quibus
1126 2146 1254 2230 proba.-

122 2239 202 2302 rent
231 2256 310 2300 eum
334 2234 407 2298 sine
431 2254 557 2317 magna
579 2233 788 2298 christianae
815 2233 993 2317 religionis
1015 2234 1152 2299 iactura
1173 2256 1263 2311 non

123 2345 222 2409 posse
238 2323 385 2388 ulterius
407 2342 561 2406 regnare,
586 2342 628 2386 ea
650 2321 784 2386 scilicet
805 2322 843 2385 in
860 2322 1149 2388 familiarissimos
1163 2332 1319 2396 ami-2·

124 2434 191 2492 cos,
216 2434 257 2478 ea
279 2412 316 2475 iu
339 2430 489 2485 uxorem,
521 2431 562 2475 ea
584 2410 621 2473 in
644 2430 795 2476 sororem
818 2412 1002 2496 propriam,
1032 2410 1277 2484 abbatissam

125 2504 187 2567 de⁰
209 2492 533 2580 Quidelenburc‘·¹,
558 2519 599 2563 ea
621 2499 658 2561 iu
674 2498 760 2563 alias
776 2519 939 2584 personas
961 2503 1109 2565 naturae
1132 2520 1281 2569 neces·

125 2592 228 2655 sitate
259 2589 325 2653 sibi
360 2587 657 2652 coniunctissimas
692 2588 848 2651 facinora
876 2590 1030 2671 patrasse
1039 2588 1060 2665 ²,
1092 2608 1179 2671 quae
1245 2595 1284 2657 si

125 2680 313 2744 secundum
330 2676 579 2741 ecclesiasticas
601 2676 695 2758 leges
719 2676 964 2754 iudicarentur,
989 2682 1025 2741 et
1044 2677 1286 2761 coniugium

125 2771 161 2832 et
190 2767 338 2830 miliciae
369 2765 545 2847 cingulum
583 2768 619 2829 et
649 2784 785 2829 omnem
816 2786 954 2848 prorsus
989 2766 1097 2830 seculi
1131 2787 1310 2839 usinum

125 2859 255 2939 quanto
279 2851 401 2936 'magis
424 2874 578 2935 regnum,
603 2853 763 2918 abdicare
787 2859 994 2918 censeretur.
1030 2854 1160 2938 Longis
1182 2855 1316 2929 ita-a.

125 2966 191 3028 que
215 2943 494 3008 contentionibus
518 2943 562 3005 ad
579 2942 671 3005 hunc
688 2944 790 3006 finem
809 2945 1005 3025 postremos
1022 2964 1077 3007 res
1094 2943 1286 3008 deducta

125 3037 191 3107 est,
222 3036 263 3095 nt
287 3032 510 3096 decernerent
533 3030 607 3092 XII
617 3023 632 3065 ¹¹
660 3052 701 3095 ex
724 3051 787 3093 sua
809 3034 922 3113 gente,
954 3024 1052 3095 XIIh
1081 3036 1283 3116 exparte

125 3123 215 3205 regis
238 3121 374 3185 obsides
399 3120 482 3195 dori,
515 3139 658 3201 quorum
684 3119 751 3183 fide
773 3119 979 3203 interposita
1007 3120 1074 3203 ipsi
1097 3123 1176 3184 tuto
1206 3120 1279 3184 ad

125 3210 335 3293 colloquium
351 3207 467 3272 venire
483 3212 624 3290 possent
647 3228 726 3270 cum
745 3208 889 3272 caeteris
905 3208 1120 3292 principibus
1136 3209 1302 3291 regni‚a

126 3303 165 3362 ut
189 3319 321 3375 causac,
346 3318 430 3379 quas
454 3297 616 3360 adversus
640 3317 755 3379 regem
775 3296 948 3373 afferrent,
974 3318 1092 3361 eorum
1115 3297 1270 3361 iudicio

126 3388 382 3451 discuterentur
412 3389 447 3449 et
476 3384 754 3457 terminarentur,
786 3385 860 3467 ipso
890 3405 980 3468 rege,
1012 3386 1040 3448 si
1069 3387 1121 3449 ita
1149 3406 1263 3471 expe-

126 3477 199 3540 dire
216 3476 399 3551 videretur,
425 3477 584 3556 presente
600 3476 635 3537 et
652 3473 804 3545 crimina,
829 3494 917 3555 quae
937 3467 1190 3545 obicerentur¹,
1211 3474 1253 3539 si

126 3567 250 3647 posset,
275 3562 467 3642 refellente.
514 3561 648 3624 Daudis
671 3562 947 3645 accipiendisque
971 3563 1150 3627 obsidibus
1173 3564 1249 3629 dies

126 3655 279 3715 statutus
309 3655 362 3715 est
392 3651 476 3713 ldus
500 3649 712 3732 Septembris
741 3651 834 3714 inira
857 3646 1080 3734 Turingiamk
1109 3652 1146 3715 iu
1169 3653 1242 3719 loco
1257 3668 1285 3706 ὥ

126 3824 148 3873 a)
163 3823 317 3873 llonumlnum
332 3823 390 3861 131⁸.
432 3821 455 3865 b)
470 3820 656 3862 eorbtennslb.
698 3821 719 3871 c)
733 3823 876 3871 proptlsslme
889 3822 950 3862 Blb.
994 3821 1019 3871 d)
1033 3834 1116 3872 eosqrre
1131 3824 1235 3873 regiscu-

126 3878 201 3915 clllarc
216 3875 278 3915 arb.
333 3878 355 3923 e)
368 3877 424 3914 dcem
438 3877 497 3923 131⁸,
511 3876 592 3913 stillabo
606 3874 664 3925 (inti
677 3886 750 3918 erosa.
795 3877 812 3923 t)
825 3876 988 3925 Quidalinburg
1002 3877 1048 3919 Bt.
1090 3880 1113 3926 g)
1127 3889 1162 3918 res
1176 3886 1235 3926 posu.

126 3929 185 3972 arb.
196 3931 214 3971 2.
269 3930 292 3977 h)
306 3927 423 3968 duodecim
437 3930 483 3973 Ba,
538 3929 554 3978 i)
571 3929 722 3978 olrcereljmnr
735 3931 754 3967 A
763 3930 782 3970 1.
836 3929 860 3979 lsi
874 3931 942 3972 'l'lmr.
957 3930 1003 3974 111.
1014 3931 1032 3974 2,

127 4075 153 4139 1)
172 4072 362 4126 Acarnaniam.
416 4072 444 4136 ἓ)
461 4071 623 4137 Lcmpcrlus
640 4072 669 4121 in
689 4076 770 4122 >rante
788 4070 882 4121 habuc
900 4077 992 4139 turpes
1003 4088 1126 4125 rumores
1143 4088 1160 4123 o
1174 4073 1237 4125 Bru·

125 4160 190 4196 none
205 4160 225 4197 c.
240 4145 336 4197 o-14.
353 4149 376 4195 el
389 4143 555 4208 Muneyoldn
573 4142 706 4207 Libellil,
720 4158 751 4208 p.
764 4144 825 4196 363.
838 4149 967 4194 »narratus
978 4144 1027 4206 (cf.
1040 4160 1128 4210 supra
1140 4160 1170 4210 p.
1185 4147 1237 4209 llo,
1246 4150 1272 4191 4⁰
1316 4130 1319 4191 l

127 4216 144 4269 l.
162 4217 197 4268 22
209 4232 246 4280 sq.
269 4232 297 4281 p.
317 4216 381 4278 154,
403 4215 420 4266 l.
434 4217 467 4268 31
478 4215 556 4279 squ).
599 4214 655 4277 (Of.
676 4214 762 4264 (Fusus
779 4213 926 4268 Petrichus.
945 4230 967 4269 c.
985 4217 1029 4268 ⁸20.
1048 4218 1093 4278 31,
1112 4216 1161 4269 SS.
1180 4215 1238 4280 XX,

122 4303 152 4352 p.
165 4288 217 4339 645
230 4292 281 4351 sp.)
319 4285 369 4335 Sed
391 4285 422 4335 hi
439 4290 531 4350 posleu-
549 4285 653 4335 demum
671 4284 844 4349 culpationes
862 4286 1001 4348 videntum·
1026 4287 1062 4349 cf.
1083 4286 1145 4336 Vita
1164 4286 1241 4339 Heia·

125 4357 178 4405 rici
193 4355 210 4405 Ι
213 4356 242 4408 l'.
261 4370 281 4408 c.
301 4358 333 4416 3,·
352 4356 487 4408 Barthold.
505 4356 591 4419 (Anu.
610 4355 636 4408 S.
657 4355 761 4420 Blasii)
779 4370 804 4410 (ι.
820 4358 897 4422 1075,
914 4373 943 4423 p.
956 4358 1025 4418 2805
1045 4356 1172 4422 (inponi
1186 4357 1242 4413 l'll.

125 4427 209 4492 epact,
233 4424 316 4491 Jcffd,
337 4425 408 4480 Bitl.
426 4426 467 4492 II,
485 4442 514 4491 p.
531 4427 593 4481 638.
