2842 5026
501 449 622 504 INDEX
642 447 902 506 LOGUTIONUM.
1213 452 1268 505 489

182 629 211 682 in
238 645 287 682 sua
313 629 457 682 viscera
480 628 572 681 hostili
596 627 688 697 gladio
760 629 859 683 Issatis.
883 626 990 693 1Π,2,
1012 630 1036 682 1.
1064 624 1181 681 Graecia

145 699 329 754 debachantes
360 699 480 752 externis
510 698 588 752 bellis
619 737 625 751 .
650 737 656 751 .
681 741 687 753 .
725 698 759 751 ab
785 697 905 751 externis
937 697 1017 750 bellis
1046 698 1123 750 velut
1155 698 1183 750 in
1216 697 1267 750 vi·

143 770 322 839 supersedere
344 771 512 839 cogebantur
531 773 590 837 163,
600 787 634 825 ac.
655 799 686 808 -
724 785 826 822 scere
850 784 899 821 sua
917 785 993 821 arma
1011 768 1160 834 convertit,
1182 769 1266 834 XIII,

143 859 179 895 ne
297 858 373 894 arma
397 841 426 893 in
451 841 562 909 propria
584 840 688 893 viscera
725 843 750 906 c,
770 844 794 895 7.
819 839 848 892 in
873 855 922 891 sua
940 839 1045 893 viscera
1069 843 1191 892 armatur
1214 838 1267 893 ler-

142 916 337 980 retorqnerent
363 915 464 978 229,1.
493 941 525 951 -
554 910 620 964 dum
647 912 687 963 in·
724 927 840 978 rumque
858 909 893 963 ab
911 909 1004 963 hostili
1022 910 1096 964 bello
1114 909 1268 963 incivilem

143 983 252 1037 testinis
276 983 305 1036 in
323 999 352 1036 se
371 986 453 1050 atque
471 982 499 1034 in
518 998 567 1035 sua
584 982 689 1035 viscera
724 981 885 1051 sanguinem
902 982 993 1036 vertit.

144 1054 215 1107 odiis
233 1054 369 1108 saevirent
386 1055 449 1120 284,
459 1069 493 1109 au.

180 1125 266 1178 semel
306 1128 454 1191 conceptae
494 1122 689 1206 indignationis

142 1195 219 1248 virus
255 1195 293 1248 ita
323 1196 432 1263 penitus
462 1194 524 1247 imis
558 1193 688 1248 insedisse

144 1266 355 1319 visceribus
373 1269 461 1333 236,o.
476 1295 508 1304 —
521 1265 687 1319 inveteratus

143 1338 257 1390 morbus
275 1341 357 1405 atque
374 1336 437 1390 imis
449 1336 559 1404 penitus
573 1335 628 1390 iam
647 1337 688 1389 in·

144 1408 236 1461 sidens
254 1407 402 1461 visceribus
421 1410 484 1474 273,
494 1424 528 1462 20.
722 1421 725 1425 ’

181 1479 244 1545 alio,
269 1495 324 1545 qno
348 1478 426 1547 regni
447 1478 563 1547 negocia
581 1494 688 1531 voca·
760 1477 858 1532 Iuets'a.
877 1478 994 1543 XVIII,
1015 1480 1044 1542 6,
1064 1481 1090 1533 ὃ.
1115 1477 1214 1530 ituram
1239 1493 1268 1530 se

144 1550 244 1612 bant,
263 1549 332 1602 abiit
350 1553 454 1615 106,sc.
475 1579 506 1587 —
527 1565 688 1616 sc...qu0
725 1564 779 1615 quo
807 1564 872 1600 suae
899 1548 974 1602 urbis
999 1547 1055 1601 fata
1082 1552 1267 1603 vocarent.

144 1619 279 1673 Dominus
303 1625 414 1673 vocaret
441 1636 556 1689 pergere
586 1623 651 1687 313,
666 1637 688 1674 s.
726 1648 758 1657 —
782 1619 813 1673 V.
835 1620 920 1672 Mas-t.
944 1623 969 1674 6.
998 1634 1027 1673 se
1054 1635 1109 1686 quo
1133 1618 1268 1672 Dominus

147 1721 178 1729 —
208 1690 333 1759 precipiti
365 1690 443 1760 luga,
471 1707 525 1757 quo
553 1707 688 1759 quemque
724 1694 836 1743 vocaret
852 1689 1004 1746 intendere.
1024 1720 1055 1729 -
1075 1691 1142 1744 Hor.
1156 1691 1209 1757 Ep.
1227 1691 1266 1757 Il,

144 1777 207 1829 spes
230 1761 364 1814 evadendi
382 1761 505 1829 vocabat,
530 1761 689 1815 dilabuntur
724 1763 750 1825 2,
763 1764 806 1815 37.
826 1759 841 1814 Ι
855 1802 862 1816 .
876 1803 881 1815 .
896 1804 902 1816 .
916 1777 971 1828 quo
983 1760 1070 1813 virtus
1082 1764 1170 1814 tuate
1179 1765 1271 1814 vocat.-

146 1836 234 1897 98,10.

182 1902 687 1970 Unaomniumvoluntas,eadem
764 1901 795 1956 V.
815 1902 900 1957 Most.
919 1906 944 1958 9.
972 1901 1036 1956 Una
1058 1902 1181 1955 omnium
1206 1918 1267 1954 vo-

146 1977 206 2027 crat
224 1974 358 2026 sententia
377 1976 436 2040 148,
447 1990 481 2029 aa.
502 2004 534 2012 —
554 1990 609 2026 una
631 1990 688 2026 om·
724 1973 864 2040 luntas,
896 1973 992 2026 eadem
1023 1978 1088 2026 vota
1118 1972 1268 2040 eademque

145 2044 223 2097 nium
241 2043 375 2111 voluntas,
401 2061 456 2098 una
476 2045 611 2099 sententia
630 2048 689 2098 erat
725 2043 867 2098 sententia.

145 2118 208 2180 298,
219 2131 253 2169 ao.

183 2202 237 2238 uno
254 2184 353 2252 animo,
372 2185 431 2253 pari
449 2186 642 2239 voluntate
660 2185 688 2238 in

146 2256 308 2310 electionem
331 2260 526 2309 consenserunt
548 2261 635 2324 70‚ao.
656 2287 687 2294 -

146 2333 178 2380 ut
199 2327 286 2380 omnis
304 2325 422 2396 dignitas
441 2370 447 2381 .
466 2365 472 2380 .
490 2366 497 2380 .
516 2344 571 2380 uno
589 2327 689 2394 animo,

146 2398 206 2466 pari
224 2398 366 2450 voluntate
389 2397 423 2450 ad
442 2414 518 2451 arma
536 2399 688 2452 conclama·

145 2474 189 2522 ret
211 2471 271 2534 149,
282 2485 316 2523 uo.

184 2538 296 2591 tandem
321 2538 467 2606 aliquando
485 2539 560 2592 voti
578 2557 689 2608 compos
760 2539 819 2592 Ls‘o.
838 2539 945 2605 XXIX,
963 2541 1006 2594 36.
1026 2555 1192 2607 composque
1211 2539 1269 2592 cius

148 2608 261 2663 effectus
281 2612 341 2670 143,
351 2626 386 2664 20.
406 2640 438 2648 —
458 2626 613 2664 consessum
632 2611 688 2663 voti
725 2609 802 2661 voti
830 2608 891 2663 fuit.
917 2639 950 2646 -
982 2610 1055 2664 otu.
1080 2612 1138 2662 Ars
1161 2628 1214 2663 am.
1243 2611 1266 2674 I,

148 2697 260 2748 compos
285 2680 419 2748 percipies
443 2684 505 2748 249,
515 2698 549 2736 ao.
572 2713 604 2721 —
631 2698 689 2735 cor·
725 2683 786 2736 486.
806 2680 863 2732 voti
881 2678 1027 2747 postmodo
1046 2696 1158 2748 compos
1177 2680 1237 2732 eris.

147 2752 221 2819 poris
248 2768 328 2803 usum
357 2751 414 2804 voti
445 2768 557 2821 compos
585 2753 691 2821 recepit

148 2826 254 2888 33340.

183 2909 219 2945 ne
244 2893 273 2944 in
297 2895 404 2945 tantum
423 2892 512 2945 virum
530 2894 604 2946 voti
628 2911 690 2947 rcus
761 2893 843 2948 Num.
858 2894 902 2957 30,
916 2895 941 2947 4.
953 2895 979 2947 8.
998 2891 1076 2944 voti
1094 2907 1142 2944 rea
1160 2891 1220 2944 erit.
1235 2923 1266 2930 -

147 2961 226 3016 fieret
245 2967 305 3030 320,
316 2980 349 3017 10.
731 2964 808 3028 Vcrg.
821 2965 886 3016 Aen.
911 2964 940 3029 V,
960 2965 1021 3018 237.
1040 2966 1148 3015 taurum
1168 2962 1268 3016 consti·

185 3033 207 3085 si
234 3033 332 3086 votis
362 3032 435 3086 Deus
462 3051 615 3087 successum
643 3051 689 3086 an-
726 3038 802 3086 tuam
821 3037 884 3086 ante
902 3050 962 3086 aras
981 3032 1038 3086 voti
1056 3050 1127 3089 reus.

146 3104 250 3156 nuisset
278 3107 338 3170 121,
348 3120 382 3158 as.
409 3135 441 3143 -
470 3105 492 3157 si
520 3104 593 3158 Deus
619 3105 690 3158 votis

149 3179 252 3226 annuat
270 3178 375 3240 uenis.

184 3262 254 3312 quae
279 3245 313 3297 de
337 3245 489 3313 irruptione
511 3246 689 3299 barbarorum
761 3246 836 3314 Sulp.
856 3247 911 3299 Seu.
931 3246 1005 3298 Dial.
1024 3246 1108 3311 Ι,17.
1127 3247 1200 3298 unde

147 3314 222 3368 fama
238 3316 453 3384 vulgaverat
468 3320 565 3384 197,10.
580 3318 690 3385 -quia
725 3317 799 3370 fama
811 3316 1034 3386 vulgaverat
1047 3317 1147 3369 —Liv.
1161 3317 1213 3381 IX,
1224 3320 1268 3371 20.

148 3385 221 3438 fama
247 3404 263 3438 v
328 3390 405 3440 verat
430 3390 491 3453 287,
501 3404 536 3443 ac.
556 3419 588 3427 -
611 3387 689 3441 Post·
725 3391 871 3456 postquam
903 3430 909 3443 .
934 3431 940 3443 .
964 3427 971 3440 .
1003 3387 1076 3440 fama
1102 3404 1152 3455 per
1182 3387 1269 3440 socios

148 3473 231 3524 quam
250 3474 284 3509 au
306 3457 373 3509 'tum
392 3461 433 3510 est
454 3475 504 3526 per
521 3458 690 3526 provinciam
725 3459 856 3527 vulgavit.
877 3489 909 3499 -
931 3461 1019 3511 Amm.
1038 3459 1124 3513 Marc.
1143 3459 1222 3523 XIV,
1240 3461 1268 3524 2,

148 3532 175 3579 et
194 3528 294 3579 celebri
310 3544 420 3582 rumore
432 3529 574 3598 vulgatum
588 3532 647 3597 190,
655 3548 689 3585 ao.
725 3533 769 3585 20.
788 3529 856 3582 haec
874 3529 922 3582 ubi
940 3530 1022 3582 latins
1034 3527 1107 3581 Iama
1119 3530 1268 3598 vulgasset,

150 3628 181 3636 -
208 3598 289 3667 Quod
314 3599 361 3651 ubi
472 3616 522 3666 per
540 3601 689 3654 exercitum
726 3601 834 3666 XXVI,
848 3604 874 3666 3,
887 3603 913 3656 4.
932 3605 963 3653 ut
981 3600 1103 3654 crebrior
1122 3600 1194 3652 lama
1210 3600 1268 3652 vul-

149 3669 221 3736 regis
258 3669 371 3722 celebris
401 3687 495 3722 rumor
530 3671 691 3739 vulgaverat
725 3674 812 3740 garet.
832 3701 864 3710 -
884 3672 943 3726 Ia‘c.
962 3672 1014 3737 IX,
1031 3675 1056 3726 2.
1076 3687 1171 3724 rumor
1189 3673 1270 3723 antea

148 3743 253 3805 238,ro.
279 3770 311 3777 —
337 3740 450 3809 vulgato
477 3757 528 3808 per
552 3741 690 3795 civitatem
726 3741 761 3794 de
779 3741 914 3795 industria
931 3743 1067 3811 vulgatus.
1088 3773 1120 3781 -
1142 3743 1206 3796 Gen.
1224 3745 1269 3809 45,

147 3826 257 3862 rumore
275 3813 338 3878 252,
347 3827 381 3865 as.
728 3816 770 3868 16.
788 3812 924 3866 Auditum
938 3817 980 3866 est
991 3817 1018 3867 et
1031 3813 1132 3866 celebri
1145 3829 1269 3866 sermone

808 3887 877 3938 tum.

184 3950 294 4018 paribus
307 3951 375 4005 odiis
393 3953 421 4004 ln
438 3958 534 4006 mutua
551 3953 691 4006 vulnera
707 3948 710 3993 Ι
725 3883 820 4008 Ἢ.
833 3955 942 4017 XXVI,
955 3958 999 4009 44.
1017 3953 1046 4006 in
1064 3954 1219 4007 vulnera
1238 3970 1270 4005 ac

147 4025 232 4073 ruunt
250 4026 323 4085 71,1.
669 4091 671 4096 .
726 4025 782 4077 tela
794 4028 890 4090 ruunt,
909 4026 1048 4091 XXVIII,
1061 4028 1104 4079 22.
1121 4041 1184 4077 cum
1197 4023 1270 4077 caeci

727 4093 818 4148 furore
843 4095 872 4148 in
889 4097 1005 4149 vulnera
1030 4113 1061 4149 ac
1085 4094 1189 4148 ferrum
1209 4137 1214 4149 .
1235 4133 1241 4147 .
1262 4136 1268 4149 .

726 4174 846 4221 ruerent.
874 4197 905 4205 -
934 4168 1008 4221 Orid.
1034 4168 1095 4220 Mat.
1121 4167 1183 4232 III,
1209 4168 1269 4221 123.

706 4235 828 4339 *cadunt
852 4236 936 4290 subiti
960 4254 1010 4306 per
1034 4240 1130 4290 mutua
1156 4237 1271 4289 vulnera

725 4306 832 4362 fratres.
