2842 5026
219 448 272 503 LX
620 446 844 502 PRAEFATIO
864 446 894 502 Ο.
904 446 939 503 V.

328 631 420 694 Inter
443 629 693 712 conscriptores,
717 629 772 710 qni
793 628 958 711 Lamperli
973 629 1120 693 Annales
1142 627 1245 693 medio
1269 650 1344 693 aeto

220 718 450 800 encripsnnnt,
486 721 530 781 ad
564 739 671 783 reram
706 718 867 783 lectionem
901 719 1143 799 coynoseendam
1180 717 1345 781 nonnullis

221 806 297 873 locis
326 807 452 886 saciant
475 807 665 887 praesertim
695 806 743 886 lii,
778 807 833 887 qni
863 829 919 872 nee
946 806 1049 871 codice
1072 807 1105 870 A
1132 827 1190 873 nec
1217 805 1259 885 B,
1290 808 1347 870 sed

220 895 304 975 aliis,
329 896 384 977 qni
401 894 576 977 perierunt,
600 895 652 960 nsi
673 895 755 960 sint:

220 1105 269 1156 que
287 1091 407 1156 (praeter
422 1103 525 1154 mneos
543 1088 610 1139 loeas
628 1103 710 1138 mann
729 1087 842 1139 secunda
860 1088 889 1138 in
901 1086 967 1141 Bla
985 1088 1109 1152 scriptos)
1128 1104 1143 1139 e
1161 1087 1277 1153 siniplea
1292 1102 1368 1153 prot

220 1175 252 1212 ae
278 1160 318 1210 nel
342 1177 356 1222 e
382 1165 406 1209 et
432 1174 465 1211 oe
491 1158 595 1222 babent,
622 1175 681 1210 enm
699 1160 746 1212 Al
771 1158 925 1226 plenumque
942 1158 1047 1224 quidem
1067 1173 1098 1209 ae
1116 1164 1140 1209 et
1157 1172 1190 1210 oe
1207 1157 1344 1224 praebat,

220 1232 317 1298 quibua
336 1231 399 1282 locis
417 1246 450 1280 ea
469 1245 542 1280 snare
559 1245 624 1283 saec.
639 1230 713 1280 XVI
723 1232 760 1284 in.
779 1229 944 1281 contactus·
962 1232 995 1292 (e.
1012 1245 1056 1294 pr.
1075 1231 1154 1279 etiam
1177 1234 1270 1280 cesara
1290 1244 1345 1280 riso·

220 1318 277 1354 rem
301 1304 442 1368 ontiqsmm
467 1301 640 1368 plenumque:
665 1299 792 1363 haeresis,
818 1298 956 1365 haeretici,
982 1299 1121 1367 quaerela,
1147 1299 1344 1366 quaerimonia,

221 1372 337 1440 axaegit,
357 1371 489 1440 subaegit,
509 1387 592 1422 raro:
611 1371 727 1438 praecis,
746 1374 948 1439 praecarentur,
967 1371 1153 1438 plaernmque,
1171 1368 1343 1423 suaevorum

220 1443 330 1507 (mmet),
349 1441 459 1508 aeditio,
478 1441 626 1506 seditiosis,
646 1458 799 1508 vaesanam,
818 1442 977 1508 praesbyter
995 1447 1049 1506 etc,
1073 1442 1117 1493 sed
1135 1444 1215 1493 etiam
1233 1444 1263 1493 in
1281 1441 1381 1492 tali-10

220 1514 270 1566 busa
296 1515 400 1565 mallius
426 1530 619 1580 nonnunquam
647 1515 753 1577 fornica
778 1513 885 1581 mactet
911 1530 929 1563 a
955 1513 1098 1580 lamperto
1122 1515 1152 1564 in
1177 1513 1240 1563 Vita
1267 1513 1344 1564 Lulls

220 1588 344 1651 scriptae,
362 1591 393 1635 ut
410 1583 524 1651 tedium,
544 1600 632 1650 sevus,
651 1584 782 1652 precium,
805 1600 867 1650 que,
891 1583 964 1650 cepit
982 1582 1174 1650 (precaepit),
1201 1584 1246 1635 aad
1271 1599 1347 1635 more

220 1673 274 1708 non
299 1664 361 1708 ante
383 1656 494 1708 editoris
511 1662 613 1722 tersqms
633 1658 746 1707 imitato:
773 1655 889 1721 coelum,
908 1653 1040 1720 coelestis,
1059 1653 1151 1721 foelix,
1170 1653 1345 1720 infoeliciter,

220 1725 362 1794 foelicitas,
381 1725 508 1793 foemina,
526 1725 704 1792 foecunditas,
717 1725 865 1794 tragoedia,
879 1724 1007 1794 reccepit,
1021 1725 1165 1793 suscoepit,
1177 1725 1346 1794 praecoepit,

221 1802 360 1865 coeptum,
387 1801 543 1865 recoeptae,
568 1798 613 1849 sed
636 1800 715 1850 etiam
734 1800 899 1865 susceperat,
924 1803 947 1849 et
973 1804 1096 1848 naara:
1121 1812 1218 1864 paena,
1245 1796 1345 1864 caepit,
1356 1807 1382 1847 ιι

221 1885 313 1935 caena,
338 1869 386 1920 ubi
410 1871 439 1920 in
464 1870 526 1920 Vita
545 1869 620 1920 Lalli
638 1886 661 1935 e.
699 1869 785 1920 Porro
803 1871 848 1923 Al
872 1867 1028 1935 purumque
1046 1868 1150 1934 quidem
1173 1884 1226 1934 pro
1244 1867 1269 1920 ci
1286 1867 1345 1919 edi·

221 1942 302 1992 tionis
321 1947 427 1993 nostrae
445 1940 465 1992 ti
484 1940 569 2003 habet,
595 1940 639 1991 sed
663 1940 739 1990 baud
764 1955 831 1991 raro
854 1941 934 1990 etiam
952 1941 982 1989 in
1000 1938 1101 1991 talieta
1122 1939 1226 1991 aalma
1244 1954 1346 1990 morem

221 2012 426 2078 Lampetinum
445 2013 566 2074 serravit,
587 2011 695 2079 praebet
713 2027 733 2063 e.
745 2027 788 2076 pr.
801 2011 878 2061 modo
895 2008 1035 2077 palatium,
1055 2009 1206 2078 negotium,
1224 2009 1345 2074 initium,

221 2081 314 2146 totius,
340 2082 431 2147 satim,
451 2081 613 2147 Wormatia,
639 2081 715 2133 modo
740 2080 885 2148 palacium,
913 2080 1067 2150 negocium,
1095 2080 1217 2148 inicium,
1245 2079 1345 2147 tocius,

221 2153 317 2218 sacius,
337 2151 501 2207 Wormaeia.
538 2152 658 2204 Eeontra
681 2152 777 2205 calices
796 2153 897 2207 Blab
914 2152 1008 2217 (multe
1025 2154 1123 2204 rarius
1141 2153 1201 2210 aa)
1223 2153 1383 2220 plenum-ao

221 2241 271 2291 qne
288 2226 368 2276 etiam
386 2227 416 2276 in
435 2227 470 2276 ists
488 2224 592 2275 vocibus
611 2223 636 2276 ci
656 2239 710 2290 pro
732 2223 754 2275 ti
775 2223 912 2290 paenam,
938 2223 985 2273 nbi
1009 2224 1088 2275 editio
1105 2230 1201 2275 naara
1218 2239 1253 2275 aa
1270 2238 1347 2276 maru

222 2295 396 2364 Lampertino
415 2294 435 2347 ti
452 2296 568 2363 praebet.
606 2296 640 2346 In
666 2296 702 2346 lie
725 2295 839 2358 nonime,
865 2296 894 2346 in
919 2295 1015 2361 witus
1033 2294 1196 2362 Lamponius
1212 2294 1289 2346 modo
1309 2292 1345 2359 ci,

221 2366 297 2418 modo
321 2366 343 2418 ti
367 2369 484 2434 scripuli,
511 2366 559 2418 boe
584 2366 622 2417 ael
646 2365 716 2417 illud
739 2368 893 2433 recepimus,
918 2365 1060 2416 seeundum
1083 2365 1153 2431 quod
1170 2365 1238 2417 libri
1254 2367 1347 2416 nostsu'

217 2438 284 2504 pista
299 2454 353 2503 pra
371 2438 419 2489 isac
437 2439 477 2489 ael
493 2438 541 2489 ille
559 2438 701 2500 sanabant.
740 2436 824 2503 Saepe
836 2438 882 2491 Al
902 2453 919 2503 y
934 2452 988 2502 pra
1006 2435 1016 2486 i
1034 2435 1119 2502 tabet,
1137 2437 1209 2503 quod
1224 2451 1346 2504 panaro

221 2511 250 2559 in
276 2509 406 2560 cadumim
430 2511 530 2560 nonnis
556 2510 691 2559 invenitur
708 2509 738 2559 in
761 2508 805 2560 bis
829 2508 949 2559 venitm:
975 2511 1086 2574 martyr,
1104 2507 1275 2574 martyrium,
1298 2506 1381 2559 sedat

221 2582 266 2634 Al
286 2580 388 2632 solum:
406 2578 531 2647 paralysi,
551 2579 665 2645 asylum,
683 2578 836 2645 mysticum,
855 2577 1023 2645 mysterium,
1042 2584 1066 2629 et
1078 2595 1111 2629 en
1123 2580 1221 2630 randi
1237 2578 1343 2630 demam

220 2666 308 2702 inore:
333 2650 431 2717 sylvas,
456 2649 637 2717 sylvestrium,
663 2649 817 2716 lachrymae
836 2653 939 2715 (rara),
959 2665 1050 2716 ocyus,
1069 2653 1243 2717 quantotyus‚
1263 2647 1343 2716 desy-

220 2720 335 2788 derium,
362 2720 551 2788 consyderans,
578 2720 776 2788 eonsyderatio
814 2722 859 2776 Al
880 2727 903 2771 at
922 2721 968 2775 Bt
987 2725 1083 2785 (sirena
1105 2723 1213 2787 priore)
1239 2736 1344 2786 enespsr

220 2793 315 2844 babent
339 2809 497 2860 perperam:
523 2792 628 2858 eiicere,
655 2791 780 2855 obiicere,
804 2790 924 2857 reiicere,
948 2791 1082 2844 coniicere
1100 2798 1144 2845 etc.
1181 2792 1344 2858 Saepissime

220 2866 267 2918 Al
289 2879 360 2916 eriam
372 2879 437 2917 suec.
449 2864 479 2913 X
485 2864 524 2914 l'l
534 2866 571 2917 in.
591 2881 609 2915 n
625 2879 679 2929 pro
697 2879 724 2913 m
743 2863 819 2914 noan
838 2866 867 2914 in
886 2863 987 2915 talibus
998 2864 1118 2914 vocibus:
1136 2867 1239 2930 tanqua
1257 2861 1381 2929 (quadro

219 2938 297 2987 etlam
318 2937 347 2985 in
367 2934 429 2989 Blb
447 2937 584 2999 oeeutnit),
611 2950 719 3000 nanque
741 2933 850 3000 (ianque
870 2950 967 2985 nsanos
984 2936 1072 2986 altera
1090 2936 1120 2984 in
1139 2934 1208 2999 Ba),
1234 2949 1343 3000 cunque

220 3005 303 3072 (quod
328 3008 407 3057 etiam
431 3021 631 3071 nonnumquam
651 3006 714 3060 Blb
732 3012 754 3058 et
773 3022 870 3057 manus
892 3006 978 3057 altera
997 3007 1026 3056 in
1045 3006 1092 3058 Ba
1111 3005 1228 3071 babent),
1255 3021 1342 3072 qnan-

220 3092 336 3143 cunque‚
362 3093 526 3143 quanquam,
553 3075 656 3142 tandiu,
683 3075 813 3143 quandiu,
839 3075 996 3143 aliquandiu
1022 3075 1107 3142 (quod
1130 3078 1210 3126 eiiam
1229 3079 1259 3127 in
1278 3076 1344 3130 Bra

220 3149 363 3211 invenitur,
383 3153 406 3199 et
424 3164 520 3199 siranus
538 3149 625 3199 altena
643 3150 673 3198 in
692 3147 738 3201 B2
756 3150 836 3198 etiam
854 3146 948 3198 iandiu
966 3147 1063 3210 haba),
1083 3149 1229 3214 utrunque,
1248 3150 1342 3199 utran-

219 3234 281 3285 que,
300 3218 428 3285 utrinque
447 3219 531 3285 (qnod
548 3219 626 3270 renai
643 3224 666 3269 ei
684 3220 713 3270 in
734 3219 799 3272 Bla
819 3219 940 3283 lepitur),
961 3217 1114 3285 plerunque
1136 3220 1179 3281 (ut
1202 3223 1225 3270 et
1243 3232 1380 3272 nmnusst

218 3290 306 3341 abero
319 3291 348 3341 in
361 3290 407 3344 Ba
420 3290 518 3354 asoa),
538 3296 561 3340 a
580 3291 644 3341 baec
655 3306 714 3341 enin
727 3292 790 3343 Al:
810 3288 988 3356 circundedit,
1008 3288 1219 3355 circunquaque.
1254 3290 1344 3342 Porro

219 3365 350 3428 tanquam
368 3367 398 3411 ut
417 3363 447 3412 in
466 3363 511 3416 Al
533 3364 612 3412 etnim
630 3364 660 3412 in
685 3362 758 3415 codd.
779 3361 884 3415 Blab.
904 3363 921 3414 2
941 3362 1083 3424 invenitur,
1111 3366 1133 3411 et
1151 3362 1181 3411 in
1201 3360 1226 3411 B
1233 3361 1265 3415 lb
1282 3376 1343 3411 cnm

219 3433 282 3486 Al:
302 3435 449 3499 utcunque,
469 3431 625 3499 ubicunque
644 3440 688 3486 etc.
725 3432 778 3483 Sed
794 3432 851 3483 sola
871 3448 968 3483 mantes
988 3433 1122 3499 posterior
1139 3433 1169 3482 in
1189 3431 1254 3485 Bla
1273 3446 1341 3483 non·

218 3520 356 3570 nunqnam
374 3503 451 3554 babet
469 3502 586 3555 solennis
612 3509 640 3553 nt
660 3505 705 3556 Al
728 3502 896 3570 (solenniter,
916 3501 1074 3568 solennitas)
1091 3509 1113 3552 a
1131 3505 1248 3569 tentare,
1270 3503 1343 3569 qaod

219 3576 265 3628 Al
285 3590 352 3625 rara
366 3589 421 3640 pra
440 3578 575 3642 temptare
590 3575 707 3640 mactet.
736 3575 805 3625 Dein
826 3572 859 3625 cb
873 3589 928 3639 pro
946 3590 960 3624 c
979 3575 1114 3624 inuenitur
1127 3576 1156 3624 in
1168 3576 1225 3628 Al.
1240 3574 1265 3625 B
1271 3575 1310 3628 lb.
1323 3576 1378 3628 240

219 3646 248 3694 in
267 3661 323 3696 roae
341 3643 497 3711 lachrimas,
520 3661 638 3713 perraro
657 3648 686 3695 in
705 3648 760 3699 Al.
780 3644 881 3698 Blab
906 3643 1004 3697 charus
1025 3661 1080 3711 pro
1106 3660 1184 3696 carus
1209 3646 1341 3713 scriptum

218 3720 264 3777 est,
290 3716 334 3767 sed
356 3717 403 3770 Al
430 3716 515 3767 salum
539 3716 614 3767 natet
637 3715 737 3783 schola,
757 3714 881 3779 schema3
909 3732 976 3767 raro
995 3719 1040 3770 Al
1061 3714 1169 3782 author,
1188 3715 1343 3768 authoritas

215 3802 270 3852 pro
288 3790 390 3840 auctor.
411 3787 502 3854 (emal
518 3787 566 3841 Ba
585 3786 661 3838 habet
680 3787 841 3851 autoritas),·
859 3791 965 3854 strepet
981 3803 1033 3854 pra
1052 3789 1076 3838 tt
1093 3787 1170 3839 habet
1188 3789 1218 3838 in
1237 3787 1343 3840 menas

219 3856 322 3922 literae,
348 3856 516 3924 obliteratus,
543 3857 688 3926 legitimus.
732 3858 851 3924 Denique
875 3860 961 3908 soleam
980 3860 1027 3911 Al
1047 3858 1124 3910 habat
1141 3858 1248 3921 formas
1266 3872 1343 3910 enon·

218 3933 340 3980 strnosaa
358 3946 375 3980 a
394 3930 538 3980 Latinnns
556 3930 702 3981 reennilms
720 3932 853 3981 inventas:
873 3928 954 3995 illhic,
973 3928 1058 3981 illbuc
1077 3929 1134 3994 (sed
1152 3931 1232 3981 etiam
1251 3928 1340 3997 illuc),
1351 3944 1377 3984 so

219 4013 321 4065 caussa,
341 3998 513 4065 eleemosyna
531 4003 595 4065 (pra
615 4000 783 4066 elemosina),
803 3999 948 4052 idololatra
966 4004 1029 4068 (pra
1049 3999 1185 4065 idolatra).
1223 4000 1258 4052 In
1277 4000 1343 4052 aliis

217 4070 322 4121 norimus
340 4071 485 4122 scribendis
498 4070 562 4124 Blb
580 4077 603 4121 at
621 4088 718 4122 suasisse
732 4074 815 4138 prior
833 4074 862 4122 in
881 4072 928 4125 Ba
947 4073 1111 4135 cassionilum,
1131 4072 1162 4122 ln'
1178 4073 1249 4123 enim
1268 4074 1342 4122 anti·

218 4157 269 4207 qno
288 4142 392 4209 quidem
411 4157 491 4205 more,
510 4142 554 4193 sed
568 4150 631 4208 poet
642 4143 782 4210 Lairmndi
800 4149 901 4210 temptas
918 4143 1021 4194 sumasne
1041 4158 1058 4191 a
1073 4143 1211 4210 plerisque
1228 4149 1339 4210 resopita,

217 4227 319 4278 semper
339 4213 468 4279 praebent
493 4212 539 4279 hii,
566 4212 626 4280 hiis,
652 4212 742 4282 nichil,
768 4213 859 4279 michi,
883 4214 943 4264 dein
967 4215 1065 4265 recenti
1087 4229 1159 4266 more
1180 4229 1284 4280 aeniper
1301 4214 1343 4266 ael

215 4284 372 4350 pleramque
396 4283 499 4337 nunctii
524 4286 574 4351 (rel
598 4284 731 4351 nanceii),
764 4284 918 4351 nunctiare,
944 4301 1020 4351 saepe
1045 4300 1170 4354 pungne,
1195 4300 1375 4354 punguareso

218 4357 310 4418 (otiam
337 4358 366 4406 in
390 4356 454 4411 Bla
479 4357 558 4408 semel
583 4372 775 4424 expungnare3
799 4356 843 4406 ani
866 4356 929 4409 Blb
946 4357 1033 4407 solam
1051 4356 1127 4408 babet
1145 4371 1339 4424 nonnunquam

218 4426 409 4494 mangnitudo,
420 4427 586 4496 incongnita‚
599 4429 860 4496 recongnovernut),
879 4426 1068 4493 martirisatur,
1087 4426 1239 4494 baptisatus
1257 4427 1341 4495 (quod
