2842 5026
296 395 392 451 VITA
410 397 529 453 LULLI
548 397 727 454 ARCHIEP.
747 398 855 453 AUCT.
875 398 1093 454 LAMPERTO.
1205 406 1259 457 313

129 581 201 653 tur,
239 582 392 645 eiusdem
429 583 600 665 pontilicis
636 584 866 646 auctoritatea
898 602 958 645 rex
993 582 1188 646 declaratus
1222 587 1258 647 et

129 670 244 733 totius
276 671 394 753 populi
425 672 629 754 pronissime
653 672 770 736 favore
794 691 853 734 rex
877 671 1072 754 appellatus
1096 674 1164 747 est;
1197 672 1257 736 sic·

129 777 201 840 que
225 761 261 822 et
284 780 409 823 nomen
426 760 558 840 regium
583 764 618 823 et
638 763 764 823 cuncta
779 760 894 841 regiae
912 760 1092 841 dignitatis
1109 760 1258 842 insignia

132 847 177 910 ab
194 847 375 911 Hilderico
391 849 436 912 ad
451 847 637 931 Pippinum
654 849 795 930 eiusque
816 851 970 930 posteros
995 843 1224 912 concesserel'·
1235 850 1255 910 ¹.

132 933 264 999 Beatus
299 955 380 1019 ergo
416 936 626 1014 Bonifatius,
663 938 759 1001 adito
794 937 936 1020 Pipino⁰
976 957 1071 1018 rege,
1107 938 1179 1019 qui,
1217 942 1257 1001 ut

135 1024 268 1087 dictum
293 1029 354 1097 est,
379 1025 448 1087 iam
472 1025 565 1088 solus
588 1046 702 1089 rerum
727 1020 945 1109 potiebaturl,
971 1026 1071 1089 cumi
1094 1026 1256 1108 frequens

134 1112 271 1176 adesset
295 1113 484 1176 multitudo
505 1110 712 1197 'principum
735 1114 847 1177 tocius
871 1114 999 1196 regui³‚
1029 1115 1112 1196 quid
1141 1119 1358 1180 mentes-us.

135 1201 352 1275 instituisset,
385 1203 551 1284 exposuit,
584 1224 701 1266 omnes
731 1203 768 1265 in
796 1222 976 1266 commune
1005 1204 1183 1268 consulere
1206 1225 1256 1267 ro·

135 1290 241 1372 gavit,
278 1311 321 1353 ne
356 1291 438 1372 quid
474 1292 675 1355 detrimenti
710 1295 849 1374 caperet
880 1291 1046 1354 aecclesia
1077 1292 1159 1367 Dei;
1195 1287 1252 1356 sed

135 1378 273 1461 quidem
305 1399 372 1460 quo
396 1378 566 1442 Dominus
589 1383 729 1443 vocaret
759 1400 910 1463 pergere,
943 1379 1054 1443 Deum
1084 1401 1163 1444 vero
1193 1403 1255 1465 pro

135 1487 170 1531 se
199 1468 393 1531 nitentibus
421 1463 603 1550 ‘nusquam
634 1469 872 1544 abfuturum⁰;
904 1468 1032 1531 ideirco
1063 1471 1181 1532 conlisi
1213 1470 1255 1533 de

133 1556 207 1620 eius
237 1556 409 1619 adiutorio
433 1577 573 1639 operam
597 1558 728 1631 darent,
761 1578 804 1620 ne
835 1558 948 1620 denuo
977 1552 1252 1640 repullularentf

133 1645 273 1727 spuria*i
292 1645 497 1708 vitulamina
512 1646 730 1727 gentilitatis,
755 1666 842 1728 quae
866 1646 939 1728 ipse
958 1646 1161 1715 succiderat.
1186 1667 1404 1716 neucssaw.

132 1732 225 1796 bono
256 1733 386 1809 semini,
419 1735 512 1815 quod
541 1735 614 1817 ipse
645 1735 873 1798 seminaverat
900 1735 936 1795 in
966 1755 1048 1817 agro
1073 1736 1253 1810 dominico,
1266 1755 1343 1798 nares.
1352 1755 1419 1804 raes

133 1821 264 1884 zizania
287 1822 575 1904 superseminaret
598 1823 757 1885 inimicus
782 1824 893 1885 homo.
934 1822 1017 1886 Post
1041 1824 1126 1887 haec
1149 1824 1255 1887 verba

133 1910 274 1974 beatum
299 1910 439 1973 Lullum
470 1933 574 1974 manu
599 1913 852 1994 apprehensum
875 1911 912 1973 in
936 1912 1086 1974 medium
1111 1913 1255 1975 deduxit

133 2004 169 2063 et
192 1999 377 2082 respiciens
401 2001 446 2062 ad
470 2000 731 2063 multitudinem
762 2021 850 2082 quae
874 2000 1135 2064 circumstabat:
1169 2001 1253 2077 lin,

132 2087 257 2169 inquit.
290 2088 435 2151 ‘habetis
465 2089 577 2151 virum
608 2109 683 2152 mea
707 2089 880 2152 sententia
903 2089 1056 2171 dignum,
1088 2090 1144 2152 cui
1168 2111 1254 2154 meo-

132 2197 208 2238 rum
237 2177 431 2239 studiorum
460 2180 495 2241 et
523 2199 676 2241 meorum
700 2199 762 2260 pro
787 2175 925 2239 Christo
949 2178 1174 2241 certaminum
1199 2179 1254 2243 he·

133 2265 318 2328 reditatum
349 2264 509 2348 delegare
540 2267 676 2348 possim.
724 2266 792 2328 Hic
823 2266 909 2327 nrihi
939 2266 1112 2329 affinitate
1143 2268 1254 2329 carnis

133 2353 282 2428 iunctus,
308 2355 367 2417 sed
385 2347 544 2417 vinculoh
565 2355 707 2437 spiritus
731 2354 842 2417 multo
867 2357 919 2418 est
942 2355 1167 2429 coniunctior,
1194 2377 1254 2438 pro

136 2462 174 2506 eo
198 2443 290 2524 quod
314 2464 447 2506 mecum
472 2447 692 2506 conversatus
721 2443 832 2505 multo
859 2436 1029 2526 tempore¹
1062 2446 1195 2506 certum
1219 2449 1254 2508 et

135 2531 274 2594 evidens
309 2532 395 2594 mihi
430 2532 565 2595 dederit
600 2531 836 2616 spectaculum
872 2533 1067 2594 sanctitatis
1102 2553 1183 2596 suae
1219 2538 1254 2597 et

136 2620 263 2702 optime
287 2614 497 2683 secundumk
519 2620 776 2703 euvangelioanr
801 2620 1055 2684 institutionem
1080 2642 1253 2685 conversa·

124 2709 248 2771 tionis.
296 2709 395 2772 Unde
420 2730 483 2792 ego
508 2710 594 2771 haut
619 2703 760 2772 dubius¹
793 2710 835 2771 de
860 2712 972 2772 vestro
996 2729 1145 2782 assensu,
1175 2731 1253 2774 ecce

135 2817 247 2860 coram
265 2796 340 2861 Deo
364 2801 399 2860 et
420 2798 549 2860 christo
574 2798 647 2861 eius
671 2798 823 2880 piissimo
847 2803 964 2878 regem
979 2802 1014 2861 et
1038 2800 1253 2863 sanctissimo

133 2888 246 2948 restro
279 2889 452 2949 conventu
486 2886 629 2969 iniungo
661 2887 692 2950 ei
723 2887 964 2969 pontificatum
995 2887 1252 2968 Mogonoiacen·

132 3084 153 3129 ι)
166 3095 209 3122 ons.
225 3085 256 3126 2¹.
314 3085 337 3133 b)
350 3095 477 3124 successere
491 3086 522 3127 2⁸.
570 3086 590 3129 c)
604 3086 635 3122 ιη’(
650 3088 660 3123 1
676 3086 695 3126 h.
705 3086 720 3126 l.
735 3086 793 3132 (aaa
803 3097 826 3134 p.
837 3086 884 3133 812,
899 3098 920 3127 s.
931 3085 967 3133 ⁸),·
981 3087 1072 3135 pippino
1087 3086 1145 3128 Μ.
1186 3085 1209 3135 d)
1224 3089 1253 3126 si·

132 3135 221 3186 quidem
237 3137 269 3179 Ξῖ).
333 3141 353 3185 e)
367 3139 430 3179 affut.
444 3150 501 3180 corr.
516 3139 585 3180 abiut.
601 3142 619 3185 1,
635 3143 654 3176 et
668 3141 699 3176 sic
714 3142 744 3176 1⁸·
752 3137 771 3181 b.
781 3137 819 3188 2b;
837 3139 898 3179 snut.
913 3140 944 3181 2⁸.
1014 3141 1030 3186 ἰ]
1045 3140 1181 3188 reputarent
1195 3152 1252 3184 serr.

124 3191 292 3239 ¹repullulat-ent
308 3193 330 3241 1;
346 3193 511 3239 repullursrent
525 3190 557 3234 lb.
618 3195 642 3240 g)
656 3192 775 3242 spurcicia,
791 3193 864 3230 eadem
879 3204 944 3229 manu
958 3203 1064 3240 superscr.
1079 3194 1115 3232 vol
1130 3195 1206 3241 spuria
1220 3195 1252 3237 2¹¹.

132 3244 154 3291 h)
166 3256 200 3293 sp.
210 3256 231 3286 v.
246 3256 302 3286 corr.
312 3245 391 3282 litteris
400 3246 420 3286 b.
431 3256 445 3284 ι
457 3246 610 3293 superscriptus
620 3256 639 3286 r.
654 3256 693 3293 sp,
708 3247 746 3284 red
760 3247 844 3283 litterae
860 3247 879 3287 l»,
894 3257 907 3283 a
921 3256 997 3282 erosae
1012 3249 1034 3289 1;
1050 3258 1070 3287 v.
1081 3258 1114 3295 sp.
1130 3245 1252 3290 1¹·l’.2¹·b¹

131 3299 146 3344 i)
159 3298 223 3346 repre
239 3300 257 3339 1.
312 3298 335 3346 k)
350 3296 469 3337 seeundum
484 3310 540 3341 corr,
554 3299 675 3337 secundum
691 3301 709 3340 1.
773 3298 789 3347 l)
804 3299 882 3337 dubiu‘*
897 3302 915 3345 1,
931 3303 950 3335 et
964 3300 1034 3336 eodem
1050 3301 1112 3338 modo
1126 3301 1213 3348 saeptus
1227 3313 1251 3340 us

130 3353 241 3399 scriptum.
295 3352 325 3399 m)
338 3363 444 3400 supersrr.
458 3354 476 3393 1.
487 3349 520 3393 2⁵.

132 3519 158 3584 1)
175 3519 249 3570 Haeo
266 3537 299 3571 ατ
317 3520 458 3576 Einhardi
477 3521 506 3574 V.
526 3521 628 3572 Karols'
644 3535 664 3572 c.
680 3523 756 3574 1-3.
775 3528 799 3572 et
817 3521 970 3585 Repinom'e,
989 3528 1019 3572 ut
1038 3522 1149 3586 reddar,
1169 3523 1253 3574 Chro-

130 3593 189 3641 m'co
214 3594 358 3656 composuit
384 3592 555 3659 lampertus,
585 3608 635 3643 suo
660 3607 732 3642 more
757 3592 841 3642 verbis
868 3595 986 3643 mulotes.
1032 3593 1079 3644 Ea
1106 3594 1253 3658 Repinom's

131 3661 230 3714 Glires.
250 3665 424 3725 audibo,
449 3664 602 3717 ss.R.(1'.
625 3665 763 3729 p.43sq.,
790 3663 829 3712 rel
846 3664 919 3716 Ans.
938 3663 1073 3727 Herefcld.
1093 3668 1185 3720 (1.750
1203 3667 1251 3729 (cs.

130 3749 217 3798 supra
238 3750 268 3799 p.
289 3735 322 3787 14
334 3738 385 3800 sq.)
410 3734 502 3783 diser
529 3734 695 3784 Hilderieum
722 3737 797 3784 iussu
820 3734 972 3785 Zachariae
992 3751 1082 3800 pupae
1106 3735 1253 3802 depositum

130 3819 190 3855 esee.
273 3807 301 3869 2)
327 3805 441 3870 Sequens
467 3807 595 3856 narratio
620 3804 703 3855 huius
727 3808 823 3871 capitis
847 3822 881 3857 ea
904 3805 976 3856 brevi
997 3807 1124 3858 relatione
1147 3807 1255 3858 Othloni

131 3875 148 3927 l.
166 3873 202 3924 II
221 3874 314 3938 (Jnffel
332 3894 360 3942 p.
379 3878 431 3929 502
447 3878 499 3942 eq.)
522 3875 653 3941 arreptiota
678 3881 701 3926 et
723 3878 880 3927 coniecturis
903 3883 984 3926 aucto
1007 3884 1051 3929 est.
1132 3879 1159 3939 3)
1181 3879 1252 3929 Num

130 3944 229 3996 Iacllus
254 3947 284 3995 in
308 3947 407 4011 synodo
433 3947 551 4012 quadam
578 3949 716 3997 instetutus
741 3950 784 4010 eit,
809 3946 884 3998 ubire
902 3947 965 3997 haec
983 3948 1111 3999 celebrata
1129 3951 1173 4010 sil,
1198 3964 1252 3999 non

129 4022 239 4068 roseae
276 4016 341 4068 Sola
366 4017 443 4068 rerba
463 4018 601 4068 Passionis
620 4019 647 4070 S.
667 4017 837 4082 Benefici,
857 4018 1140 4085 SS.11,p.ssesq.‚·
1165 4018 1251 4085 Syno-

130 4085 184 4137 dsli
211 4087 373 4139 auctoritate
399 4093 427 4139 et
451 4104 582 4140 consensu
608 4087 737 4155 principis
755 4087 866 4155 Pippini
885 4087 997 4139 Lullum
1016 4087 1158 4156 Mogontie
1180 4089 1252 4141 ordi·

130 4156 207 4208 nevit
224 4158 271 4209 hoe
289 4159 418 4222 indicant,
436 4175 504 4224 quae
523 4159 649 4210 Othlonus
668 4162 779 4210 titulavit
797 4163 842 4209 in:
864 4176 927 4210 curu
946 4175 1077 4210 consensu
1103 4197 1109 4210 .
1129 4201 1134 4212 .
1155 4198 1161 4210 .
1187 4159 1251 4227 Pip-

130 4226 186 4295 pini
213 4245 318 4280 necnon
341 4229 530 4296 episcoporum
557 4234 585 4281 et
610 4229 740 4282 abbatum
765 4235 846 4297 etque
866 4229 1057 4281 canonicorum
1077 4230 1251 4298 omniumque

130 4314 274 4366 procerum
293 4299 327 4351 ad
346 4317 423 4351 suam
441 4299 571 4352 diocesim
589 4301 793 4368 pertinentium.
826 4302 868 4365 Cf.
883 4301 976 4364 Bonis.
990 4304 1064 4367 epact.
1083 4318 1125 4354 nr.
1139 4303 1182 4368 93,
1202 4303 1220 4356 l.
1234 4303 1251 4355 ἱ.

127 4387 154 4437 p.
168 4372 229 4425 380.
