2842 5026
23 392 31 432 ;
108 378 311 434 mmmm
328 377 552 434 INSTITUI'IO
570 376 874 433 HERVELDENSIS
892 376 1001 434 1:001.

1 572 127 628 uerunt
158 576 276 625 nostro
307 563 516 626 monasterio
549 566 584 625 et
615 562 757 626 honori:
795 562 966 625 Balthsrt
1001 562 1113 638 abbas,

0 673 85 714 nno
109 652 224 714 abbas.
258 650 462 713 Βιιιιιιιιιιι3
490 649 607 715 abbas.
640 649 763 734 Drirgo
786 650 908 726 abbas,
941 649 1115 716 Hardarct

7 740 100 804 bbas.
133 739 296 802 Diethart
320 739 428 802 abbas
439 740 459 812 ¹.
490 739 576 803 item
601 738 768 803 Diethart
791 739 903 803 abbas
932 742 969 803 et
992 740 1116 822 episco

0 832 80 891 ιε’.
113 828 285 890 Burchart
316 828 424 890 abbas
454 836 489 891 et
521 828 735 910 episcopusi,
754 828 965 951 Μεξθιιςοι
1001 828 1114 902 abbas

0 922 133 998 'agano
164 916 280 979 abbas.
314 914 517 979 Guntherus
548 915 665 981 abbas
697 915 834 999 Egiloli
882 916 1005 987 abbas
1038 915 1135 982 Gozs

9 1010 121 1069 ertuse
151 1005 268 1068 abbas
316 1004 343 1065 B
367 1005 493 1086 quibus
517 1004 688 1107 Hagano⁴
712 1005 859 1069 calicem
882 1025 1054 1108 magnum
1076 1007 1116 1071 de

7 1115 69 1156 uro
92 1094 285 1193 purissimo
317 1092 447 1156 electro
477 1098 512 1156 et
543 1093 689 1175 gemmis
712 1093 879 1176 preciosis
904 1093 943 1156 in
967 1093 1115 1159 ministe-

17 1204 73 1244 nm
99 1182 278 1243 Domini
270 1202 305 1242 m
329 1181 475 1262 gloriam
500 1185 535 1245 et
560 1182 719 1245 decorem
743 1182 820 1246 fieri
843 1182 944 1246 fecit.
992 1181 1115 1247 Umbo·

9 1291 62 1334 em
88 1290 167 1332 vero
195 1275 342 1351 patenae
373 1268 562 1333 latitudine
592 1290 681 1353 pene
708 1270 813 1332 unius
838 1269 979 1353 palmae
1003 1273 1115 1335 totum

8 1377 46 1421 er
76 1358 258 1420 circuitum
290 1358 465 1440 lapidibus
496 1358 757 1441 preciosissimis
787 1362 825 1423 et
849 1359 1042 1423 unionibus
1066 1382 1146 1425 ιιι-ιο

2 1447 92 1508 tivit.

92 1534 218 1597 Verum
250 1555 313 1597 nos
344 1556 384 1598 ea
415 1556 503 1617 quae
534 1534 639 1619 paulo
670 1540 752 1599 ante
781 1538 940 1599 nostram
964 1541 1112 1602 aetatem

8 1627 81 1686 esta
105 1627 185 1684 sunt
211 1622 370 1687 breviter.
400 1628 503 1706 prout
528 1645 568 1689 ea
591 1624 760 1707 expiscari
789 1625 981 1707 potuimus,
1015 1627 1112 1689 attin·

9 1716 106 1774 entes
116 1711 136 1786 ⁵,
169 1712 263 1783 haec,
295 1732 382 1793 quae
414 1713 541 1776 nostris
566 1714 667 1776 modo
691 1713 910 1796 temporibus
935 1719 1109 1796 geruntur,

0 1826 9 1855 ι
20 1801 208 1862 mentando
231 1801 347 1881 potius
377 1822 480 1882 quam
504 1801 670 1865 dictando
693 1800 956 1865 subnectamus.
1003 1801 1049 1866 Et
1071 1825 1136 1871 neu

9 1888 62 1950 nis
85 1888 184 1951 nobis
208 1889 344 1951 crimini
368 1890 482 1953 ducat.
515 1890 607 1972 quod
637 1893 797 1973 tempora
823 1911 950 1973 regum
972 1892 1029 1956 vel
1052 1891 1107 1956 Ro

21 1997 164 2039 anorum
189 1977 436 2059 imperatorum
461 1999 522 2062 per
545 1979 779 2043 successiones
803 1999 884 2041 suas
909 1979 994 2043 huic
1018 2000 1106 2064 opus·

1 2065 63 2128 ulo
87 2065 309 2129 subtexentes
340 2087 409 2129 non
440 2088 557 2130 eorum
587 2087 723 2149 quoque
752 2067 909 2132 feliciter
936 2068 994 2133 vel
1018 2089 1104 2134 secus

1 2332 147 2394 tatnisse
162 2333 278 2394 omnia
297 2332 455 2408 scribere,
480 2354 569 2415 quae
592 2334 629 2395 ιιι
651 2353 689 2397 re
705 2332 849 2417 publica
871 2334 929 2398 vel
946 2335 1101 2400 aecclesia

8 2426 82 2484 esta
112 2425 193 2482 sunt
224 2425 284 2483 ant
316 2426 494 2503 geruntur,
525 2426 649 2505 utpote
676 2422 879 2487 monasterii
903 2443 1042 2488 carcere
1063 2425 1100 2487 in·

1 2508 97 2572 lusos
129 2530 190 2572 nec
215 2509 393 2571 hominum
418 2515 578 2612 expertos
608 2531 671 2574 nec
694 2510 796 2575 valde
824 2512 992 2575 curiosos.
1038 2512 1099 2593 Ego

9 2599 69 2659 rihi
95 2598 220 2660 lranct
208 2604 284 2659 tant
288 2621 344 2659 um
369 2620 508 2680 operam
533 2600 676 2664 ιιιιιιιιιιι
703 2604 741 2661 ut
765 2605 906 2663 nostrae
932 2601 982 2663 rei
1004 2565 1098 2683 publi

1 2708 44 2749 ae
78 2687 247 2749 consules
286 2684 385 2749 hoc
389 2695 439 2749 est
477 2689 676 2751 monasterii
711 2690 820 2751 nostri
856 2695 975 2771 patres
1007 2696 1124 2788 atquea

1 2780 142 2838 ectores
169 2797 245 2837 eum
267 2776 427 2837 calamita
430 2777 533 2840 tibus
559 2798 646 2857 (prise
668 2798 730 2839 nos
750 2777 965 2840 modernist
951 2780 1099 2860 tempori
1106 2768 1166 2815 3333

9 2886 48 2926 us
67 2872 361 2988 oppresserrmtds
346 2865 417 2926 stili
438 2865 553 2927 officio
578 2866 621 2927 ad
644 2872 798 2946 posteros
823 2867 1099 2930 transmitterem.

19 2976 73 3015 ram
109 2954 243 3015 idem'
235 2949 321 3035 ipsid
357 2954 518 3015 nimirum
554 2954 778 3036 imperatores
814 2975 956 3016 suorum
994 2977 1099 3019 secum

10 3042 113 3105 abent
146 3063 309 3124 precones
341 3043 550 3109 meritorum,
583 3043 805 3124 experientia.
838 3049 877 3104 ut
909 3045 961 3105 ita
985 3045 1099 3114 dicam,

1 3131 166 3194 'emacula
192 3132 239 3193 eis
264 3132 444 3193 scribenda
462 3132 617 3194 dictante
642 3136 676 3194 et
700 3131 807 3193 falsas
826 3132 1010 3213 opiniones
1027 3135 1128 3196 veri-a

1 3226 56 3282 ·te
88 3221 299 3302 astipulante
331 3221 467 3301 longius
493 3220 718 3301 propellente.
766 3220 894 3283 Verum
921 3221 1008 3284 haec
1033 3222 1100 3285 hac·

6 3330 94 3371 ·nus.

92 3399 206 3477 Igitur
236 3397 445 3459 ι’ὶοιιιιιιιιιε3
476 3397 591 3466 abbas,
623 3397 688 3459 etsi
719 3418 788 3459 non
820 3419 965 3463 morum.
1001 3399 1101 3460 studii

1 3507 100 3548 anien
132 3488 183 3547 sui
216 3508 295 3567 erga
328 3487 439 3547 locum
474 3485 743 3549 Herveldensem
774 3485 858 3548 satis
890 3487 1033 3549 evidens
1063 3487 1100 3549 ad

9 3595 45 3636 os
81 3576 269 3637 transmisit
306 3576 565 3639 documentum.
603 3596 762 3655 magnam
801 3575 936 3638 scilicet
972 3576 1128 3658 copiama

0 3664 149 3725 brorum
175 3685 235 3725 suo
260 3665 396 3726 nomine
421 3664 464 3725 ob
486 3664 735 3726 nronimentum
760 3663 813 3725 sui
833 3663 1117 3743 attitulatorum„

0 3753 135 3814 'lurima
162 3774 295 3834 quoque
320 3758 521 3815 ornamenta
546 3752 581 3812 in
606 3773 690 3814 auro
714 3756 748 3814 et
773 3757 927 3833 argento,¹
954 3753 990 3814 in
1008 3753 1099 3815 vesti·

8 3862 47 3903 us
72 3843 184 3916 sacris,
217 3843 341 3922 quilms
366 3848 547 3903 uterentur
570 3841 605 3902 in
630 3841 774 3922 gloriam
800 3841 988 3923 ingressuri
1013 3863 1099 3904 sanc·

0 4015 182 4053 ·brunwmmc.
239 4015 260 4060 b)
276 4014 353 4062 Egllof
365 4026 382 4051 c.
438 4014 639 4061 crigosbertlrurc.
695 4012 813 4063 illimes.
869 4013 890 4055 el
904 4013 1022 4063 gosbertus
1037 4027 1055 4052 c.

4 4139 62 4195 illc
77 4142 166 4191 (lttonc
179 4140 269 4191 ablate
286 4141 353 4191 luico
371 4139 452 4189 liuius
469 4140 617 4204 provisoris
635 4145 748 4203 ternpore
766 4138 824 4189 ride
835 4154 922 4202 surpra
937 4154 968 4203 p.
981 4141 1024 4199 30,
1041 4141 1126 4191 asar

1 4213 3 4216 ’
24 4210 273 4269 lliltleshcimcnm's:
291 4213 326 4274 cf.
341 4228 425 4277 ιιιῳνιι
441 4229 467 4276 p.
479 4213 528 4269 34:
548 4210 646 4261 Clll'ffll·
658 4209 776 4261 Hil‘iaeh·
791 4225 811 4261 s·
822 4211 847 4272 9ι
868 4209 916 4261 SS·
929 4209 991 4272 ῙἪι
1002 4227 1030 4276 P·
1041 4211 1097 4264 85⁸2·

1 4281 256 4344 lll'r'rsr'burpcnm's.
330 4285 356 4345 4)
377 4284 431 4343 (Μ
448 4282 513 4333 sedit
531 4298 558 4335 a.
571 4283 730 4338 956-959;
748 4296 878 4347 831333313-
896 4282 939 4334 33·
1013 4284 1041 4345 53
1058 4280 1096 4342 333

1 4366 65 4415 upra
83 4370 110 4418 p.
123 4355 184 4416 345,
205 4353 331 4406 cll-12.
