2842 5026
436 376 634 432 LAMPER'I'I
651 376 841 432 ANNALES.
878 378 913 433 A.
932 380 1012 434 1076.
1235 380 1287 433 231

275 560 392 626 Huius
414 561 547 627 itineris
570 564 739 645 pretextu,
767 560 872 625 elusis
895 561 1053 625 omnibus
1076 562 1175 644 regni
1199 559 1376 645 prin-1⁰⁷5·

158 647 313 732 cipibus,
338 652 396 714 ina
415 651 590 715 Boemiam
611 650 848 733 proficiscitur,
872 649 1008 712 nullum
1024 671 1140 714 secum
1157 629 1376 715 habens‘s‘m

162 754 206 800 ex
241 740 459 824 principibus
493 743 608 822 preter
638 738 889 803 Herimannum
925 739 1086 803 comitem
1121 740 1164 803 de
1200 739 1288 804 Gliz-

163 822 286 910 bergl’,
312 830 445 912 equites
468 832 585 892 autem
608 828 784 911 expeditos
808 831 843 892 ct
866 830 966 891 tanto
982 829 1125 910 negocio
1142 828 1290 893 allectis-

148 914 291 979 trimosc
316 938 404 1001 pene
427 918 643 1000 quingentos,
667 917 735 998 qui,
760 917 896 980 reiectis
919 918 1061 980 sarcinis
1085 922 1120 981 et
1144 919 1288 982 cacteris

172 1002 340 1069 bellorum
371 1006 635 1089 impedimentis,
666 1006 782 1070 itineri
813 1008 950 1068 tantum
980 1010 1015 1070 ct
1043 1006 1224 1070 certamini
1252 1027 1288 1070 se

174 1095 404 1178 expedierant.
439 1097 625 1178 Assumpto
648 1095 685 1157 iu
700 1094 843 1158 Boemia
866 1096 952 1158 duce
976 1099 1013 1158 et
1036 1095 1189 1159 exercitu
1205 1094 1288 1158 Boe·

176 1184 267 1257 mico,
293 1205 355 1267 per
370 1183 523 1248 occultos
547 1204 586 1246 ac
607 1178 853 1247 difficillimos(l
871 1183 1029 1247 tramites
1052 1184 1089 1245 in
1106 1184 1288 1247 Saxoniam

178 1273 360 1339 contendit.
385 1293 524 1357 sperans
547 1292 583 1336 se
606 1292 672 1343 eos,
697 1276 738 1335 ut
762 1272 830 1335 dici
853 1272 950 1343 solet,
974 1273 1067 1337 inter
1090 1273 1287 1348 oscitantes,

149 1383 247 1426 neum
271 1361 470 1446 inopinatus
493 1361 648 1436 irrueret,
677 1360 780 1424 facile
808 1382 1060 1444 oppressurum,
1093 1365 1154 1424 aut
1184 1362 1213 1424 si
1240 1382 1289 1425 re-

177 1450 300 1515 bellare
329 1454 551 1534 temptarent,
581 1450 706 1513 iustam
736 1450 897 1533 deinceps
920 1451 1100 1514 adversum
1125 1471 1182 1514 eos
1206 1450 1290 1514 belli

175 1543 208 1604 et
240 1540 488 1603 satisfactionis
522 1560 591 1602 non
625 1538 862 1622 suscipiendae
901 1560 1038 1602 causam
1077 1539 1289 1602 habiturum.

173 1628 286 1711 Igitur
309 1648 415 1711 usque
439 1628 595 1693 Misenen
618 1628 774 1711 pervenit
797 1628 927 1704 urbem,
955 1629 1056 1691 sitam
1079 1628 1117 1690 in
1141 1628 1290 1692 confinio

172 1717 334 1781 Boemiae
357 1721 393 1780 et
417 1716 594 1781 Saxoniae.
641 1717 697 1780 Ibi
725 1738 746 1778 a
773 1717 905 1780 civibus
935 1718 1077 1800 pacifice
1107 1717 1144 1778 in
1175 1717 1290 1781 cirita-

134 1810 241 1871 atem
266 1810 446 1890 susceptus
469 1805 689 1889 episcopum¹
711 1805 862 1869 civitatis
885 1806 992 1889 ipsius
1016 1806 1288 1890 comprehendit.

172 1896 288 1959 omnia
310 1916 398 1978 quae
421 1895 494 1959 eius
518 1899 617 1958 erant
637 1894 790 1978 diripuit,
815 1896 880 1958 hoc
898 1894 970 1958 solo
986 1916 1082 1958 reum
1099 1895 1290 1958 maiestatis

174 2006 250 2048 eum
274 1984 485 2059 adiudieaus,
510 1984 601 2066 quod
624 1987 700 2047 toto
722 1986 877 2066 tempore
894 1983 977 2047 belli
993 1984 1153 2048 Saxonici
1176 1984 1291 2048 nullos

176 2074 217 2136 sd
240 2093 318 2136 eum
343 2077 498 2137 servatae
521 2092 604 2154 erga
626 2093 698 2136 rem
723 2072 896 2156 publicam
925 2074 1006 2137 fidei
1034 2073 1174 2145 indices,
1206 2094 1291 2136 nun·

175 2162 243 2225 cios
266 2162 320 2225 vel
344 2161 479 2225 litteras
503 2162 708 2225 destinasset
719 2162 740 2222 ².
788 2160 971 2225 Caeterum
1001 2163 1104 2225 homo
1136 2162 1291 2226 ecclesia-

125 2251 278 2315 nosticae
310 2251 525 2334 paupertatis
555 2254 590 2314 et
620 2250 708 2313 nihil
741 2253 802 2313 aut
833 2271 953 2333 parum
985 2251 1116 2314 habens
1146 2272 1291 2335 pompae

175 2340 332 2402 militaris
348 2348 429 2403 vota
450 2340 597 2403 forsitan
613 2342 735 2402 contra
756 2360 828 2403 rem
848 2338 1023 2423 publicam
1046 2340 1171 2412 facere,
1196 2361 1292 2404 arma

175 2430 262 2492 ferre
290 2449 361 2491 non
385 2432 530 2512 poterat,
560 2449 623 2492 nec
652 2449 814 2511 magnum
837 2428 911 2492 vel⁰
941 2428 994 2491 his
1017 2429 1072 2492 vel
1095 2429 1165 2491 illis
1189 2430 1292 2512 parti-

176 2518 237 2580 bus
261 2521 472 2582 momentum
497 2518 626 2580 amicus
649 2518 719 2581 sive
742 2517 902 2580 inimicus
930 2511 1135 2581 extitissetf.
1183 2517 1292 2581 Paulo

174 2605 319 2669 ulterius
350 2626 548 2690 progressus
577 2605 678 2669 villas
711 2605 896 2669 nonnullas
930 2606 1100 2678 incendit,
1137 2607 1293 2671 homines

134 2694 355 2778 :eplerosque
377 2695 545 2777 ingenuos
567 2695 604 2756 in
623 2695 835 2759 deditionem
858 2695 1023 2778 accepit⁸,
1049 2717 1127 2758 cum
1150 2700 1293 2779 repente

174 2784 330 2867 premissi
365 2784 598 2866 exploratores
631 2783 827 2847 retulerunt
861 2784 929 2846 iam
965 2784 1097 2846 dudum
1130 2785 1292 2848 consiliill

174 2873 278 2935 huius
301 2873 428 2935 famam
455 2873 499 2935 ad
522 2872 672 2936 Saxones
700 2873 903 2956 prevenisse,
933 2866 1079 2964 cosqueh
1107 2873 1294 2937 contractis

174 2960 380 3044 plusquam
403 2961 468 3025 XV
492 2960 631 3024 milibus
654 2966 863 3024 armatorum
892 2962 1004 3025 haud¹
1036 2961 1156 3044 procul
1181 2965 1295 3023 castra

174 3051 338 3133 posuisse,
363 3053 501 3133 paratos
520 3071 597 3113 cum
614 3071 654 3113 eo
670 3051 825 3133 proxima
841 3051 906 3126 die,
931 3050 998 3113 nisi
1021 3049 1294 3113 satisfactionem

141 3158 293 3202 meorum
334 3140 494 3222 pacisque
534 3139 751 3203 condiciones
790 3138 884 3203 ultro
919 3139 1122 3221 susciperet,
1159 3136 1296 3200 collatis

173 3229 283 3311 signis
314 3228 513 3310 confligere3
545 3231 716 3311 postremo
744 3229 786 3291 de
815 3228 888 3291 eius
911 3246 1118 3307 suorumque
1142 3225 1296 3288 omnium

173 3317 288 3380 salute
320 3320 435 3380 actum
466 3336 548 3391 esse,
580 3317 608 3379 si
634 3316 691 3380 rel
718 3315 811 3378 ultra
839 3314 1001 3398 progredi
1022 3313 1077 3377 rel
1106 3314 1143 3376 in
1168 3313 1296 3377 eisdem

174 3406 298 3469 castris
338 3410 509 3488 posteram
549 3405 640 3469 diem
680 3404 805 3487 operiri
840 3402 960 3478 vellet,
1001 3402 1182 3485 presertim
1218 3423 1297 3465 cum

174 3494 313 3556 nullum
337 3495 489 3576 undique
513 3494 682 3557 conclusis
706 3492 872 3574 effugium
897 3495 1042 3573 pateret,
1074 3511 1137 3554 nec
1168 3491 1298 3574 pericu-

139 3583 249 3651 eslum
275 3604 380 3645 manu
402 3582 602 3666 propulsare
625 3581 851 3644 multitudine
873 3580 1022 3664 impares
1046 3582 1195 3663 possent.
1243 3581 1298 3643 In-

175 3693 262 3753 gens
293 3691 409 3734 omnes
439 3672 498 3753 qui
529 3692 606 3734 cum
636 3690 716 3752 rege
747 3672 847 3734 erant
877 3674 990 3732 metus
1013 3669 1171 3752 perculit,
1199 3670 1299 3733 rehe-

176 3764 378 3842 menterque
403 3760 476 3822 eius
491 3760 658 3843 ineptiam
674 3759 889 3835 incusabant,
909 3759 1010 3841 quod,
1028 3780 1106 3822 cum
1123 3777 1299 3821 successus

176 3923 199 3958 a)
215 3916 239 3952 iu
253 3936 279 3942 -
294 3915 431 3962 principibus
446 3913 555 3956 omrem.
597 3913 620 3961 b)
634 3913 738 3960 Glisberg
752 3913 812 3954 131⁶.
853 3913 873 3956 ci
888 3913 951 3954 elect.
965 3924 1021 3954 corr.
1036 3914 1100 3954 elect.
1115 3912 1163 3953 Ba.
1205 3908 1229 3957 d)
1243 3911 1301 3950 diffl-

176 3968 297 4060 cililpnm1Bl
307 3967 399 4060 phil).
459 3968 607 4016 elom.Bl⁸.
668 3966 836 4015 Uenetiam.
890 3966 1069 4013 ncomlliBll.
1123 3965 1147 4006 hl
1161 3966 1259 4006 corel.
1270 3967 1301 4007 1⁸.

138 4025 194 4065 soi)
225 4029 263 4059 ant
319 4027 336 4062 ⁸.

179 4146 207 4212 1)
229 4146 387 4199 Bmuonem.
441 4148 468 4209 ³2)
488 4144 558 4194 Eum
571 4160 596 4196 a.
608 4145 686 4197 1073.
699 4147 791 4193 conire
805 4157 890 4205 recem
903 4140 1040 4192 rebellasse
1052 4141 1108 4204 ipre
1119 4139 1192 4190 dixit
1205 4138 1300 4206 Lamp.

177 4234 265 4282 stupra
276 4234 303 4282 p.
318 4219 377 4270 150.
433 4215 461 4280 3)
475 4216 517 4278 Cf.
531 4215 645 4265 Carmen
657 4213 712 4275 ΙΙΙ,
725 4214 788 4277 262,
807 4212 877 4278 quod
888 4212 974 4262 solum
983 4217 1094 4276 praeter·
1105 4209 1201 4276 Lonrp.
1220 4209 1302 4261 buius

177 4289 355 4353 repetitionis
379 4288 531 4338 mentionem
554 4286 628 4347 tacit.
668 4283 708 4333 De
732 4290 845 4349 tempore
868 4285 925 4333 eius
947 4282 1004 4332 vide
1025 4281 1132 4346 Kilian,
1157 4280 1302 4332 ‘itinerar’

174 4378 203 4425 p.
219 4361 253 4412 69
267 4376 304 4424 sq.

1280 4586 1419 4704 A
